2648 3974
494 233 590 268 snaivs
609 231 743 268 Plvnnvs.
1049 222 1100 270 357
1162 279 1169 286 J

130 371 260 436 exiguum
296 384 437 420 numerum
467 369 716 434 supplementorum
752 369 900 433 accedere,
934 372 1035 437 partim
1065 387 1099 421 ex
1125 357 1127 359 ‚

127 437 307 502 Fragmentis
320 436 464 488 Vaticanis
484 443 512 485 et
523 435 680 487 Collationo
701 443 728 486 et
744 435 951 490 Consultatioue
970 442 998 487 et
1015 439 1101 489 Iusti·
1165 449 1168 454 ·

128 505 208 556 niani
238 505 376 570 Digestis,
407 505 508 568 partim
537 519 572 554 ex
602 505 763 569 quibusdam
794 505 936 556 codicibus
966 505 1101 556 breviarii
1139 521 1140 530 ¹
1175 517 1177 520 ·

129 573 302 636 Alariciani‚
322 573 420 636 quibus
439 588 472 622 ex
491 572 618 637 genuinis
636 573 730 622 Paulli
749 573 912 632 Sententiis,
930 577 962 624 ut
979 574 1098 635 videtur,
1156 569 1161 636 J

129 640 260 705 singulae
280 641 437 691 sententiae
458 639 617 704 adscriptae
635 646 726 704 erant,
746 641 844 706 quoin
856 657 969 691 numero
981 641 1099 692 maxime
1145 671 1160 682 Ἰ-

131 705 292 758 celebratur
311 707 398 756 codex
416 707 600 771 vesuntinus,
620 722 637 756 a
656 707 771 758 Cuiacio
790 709 819 758 in
838 709 904 760 Obs.
923 711 970 768 21,
991 711 1099 758 11—13.
1136 703 1137 706 ’

131 777 241 826 lli-19.
261 777 302 826 m.
322 777 362 826 2⁸2.
382 775 539 838 exscriptus
558 779 587 825 et
605 775 633 824 in
652 775 774 826 editione
793 791 844 826 sua
863 775 1099 830 a.1566.adhibi·
1159 777 1161 780 '

132 848 195 905 tus,
213 858 286 891 nunc
304 857 371 892 vero
390 839 575 907 deperditam!
879 841 880 844 ’
1163 863 1173 902 g

201 909 277 971 Quod
295 925 362 960 vero
382 911 417 959 ed
435 911 524 975 ipsam
547 910 695 974 epitomum
712 909 902 961 Alaricianam
925 912 1041 974 attinet,
1066 927 1100 960 ea
1163 907 1164 910 ’

55 1037 59 1042 J
131 977 243 1042 quidem
261 977 405 1041 permultis
425 978 567 1028 codicibus
586 993 651 1029 mss.
672 978 706 1028 ad
724 994 775 1029 nos
788 983 943 1044 propagata
963 983 1015 1042 est,
1034 993 1100 1042 qno-

130 1061 191 1095 rum
203 1044 329 1095 nonnulli
343 1045 378 1094 ab
393 1045 543 1096 editoribus
556 1045 650 1094 seculo
664 1046 862 1096 decimosexto
876 1047 1005 1110 inspecti.
1026 1061 1099 1096 nnnc
1166 1107 1167 1110 J

129 1115 180 1163 nbi
198 1114 266 1176 sint,
285 1113 441 1178 ignoratur,
460 1112 545 1162 multo
568 1113 656 1162 maior
680 1117 771 1163 autem
795 1129 860 1177 pars
885 1114 974 1163 adhuc
1000 1119 1099 1174 exstat,

130 1181 184 1231 nec
204 1181 290 1230 solum
314 1185 407 1230 exstat
431 1181 527 1231 sedet
549 1181 578 1229 in
600 1179 691 1229 lucem
714 1186 858 1245 protracta
883 1187 936 1233 est.
971 1181 1101 1245 Inprimis
1185 1195 1186 1198 ¹

1248 1259 1258 1276 s
1294 1266 1299 1273 „

131 1248 251 1299 Gustavi
263 1246 395 1298 Haenelii
408 1248 551 1298 doctrinae
571 1252 600 1298 et
617 1247 759 1299 indefesso
778 1247 869 1298 studio
887 1249 1010 1305 debetur,
1030 1247 1101 1311 quod

128 1317 250 1380 triginta
269 1320 399 1380 quattuor
417 1316 542 1366 codicum
562 1315 669 1380 abipso
682 1315 881 1381 descriptorum
895 1322 924 1366 et
937 1315 1110 1366 collatorum·
1183 1343 1184 1346 κ

130 1384 299 1436 lectionibus
318 1385 361 1433 uti
378 1382 485 1433 liceat.l
521 1385 641 1446 Quorum
660 1384 769 1448 quidem
789 1383 959 1449 singulorum
977 1384 1011 1432 de
1030 1383 1101 1432 doti·
1173 1401 1188 1432 A
1210 1383 1212 1444 'j

131 1452 184 1502 bus
204 1467 287 1516 agere
307 1455 335 1500 et
351 1451 462 1516 longum
483 1455 594 1502 estnec
612 1451 687 1500 tanti
704 1453 799 1503 refert.
823 1453 913 1518 Igitur
927 1450 1030 1502 sufficit
1048 1451 1100 1500 hoc

130 1520 193 1570 loco
217 1519 385 1584 generaliter
401 1525 530 1580 notasse,
555 1518 623 1568 duos
645 1519 734 1568 seculi
757 1521 882 1584 septimi,
901 1524 1010 1570 ceteros
1028 1520 1099 1568 inse·
1159 1515 1160 1520 ’

132 1589 275 1651 quentium
293 1585 448 1637 seculorum
469 1601 538 1646 esse,
558 1585 629 1636 alios
648 1601 733 1651 saepe
753 1587 824 1638 alias
837 1589 992 1638 sententias
1012 1587 1101 1637 conti·
1167 1642 1168 1648 J
1223 1595 1239 1632 t}
1261 1567 1295 1650 ff

131 1670 200 1704 nere
219 1671 271 1704 nec
290 1669 453 1719 quemquam
472 1659 579 1704 ceteros
597 1655 638 1704 ita
656 1657 832 1718 praestantia
850 1670 995 1721 superare,
1016 1659 1048 1704 ut
1068 1670 1100 1703 eo

133 1721 192 1774 solo
211 1723 255 1772 uti
270 1721 367 1776 liceat,
389 1722 506 1771 Omnino
525 1727 618 1772 autem
636 1723 665 1770 in
678 1721 905 1774 huucnumerum
918 1738 973 1772 non
985 1724 1102 1772 veniunt
1155 1763 1156 1768 ,
1219 1783 1222 1790 .
1271 1711 1301 1778 'J'

133 1789 246 1839 codices
266 1791 448 1854 epitomarum
466 1788 591 1850 illarum,
609 1789 688 1840 velut
705 1791 895 1856 Aegidianae,
916 1789 1102 1840 Guelferbita·

132 1873 200 1919 nae,
221 1855 350 1920 aliarum,
370 1873 441 1922 quae
460 1871 553 1906 rursus
577 1873 610 1906 ex
633 1858 772 1908 breviario
790 1858 948 1908 Alarioiano
967 1859 1101 1921 posterio-

132 1925 210 1975 ribus
230 1925 332 1975 seoulis
351 1926 454 1984 factae,
473 1929 569 1974 nostra
588 1925 695 1974 demum
715 1929 810 1975 aetate
830 1925 951 1976 eiusdem
969 1923 1103 1974 Haenelii

102 2025 106 2028 -
131 1993 233 2044 merito
252 1995 281 2042 in
298 1989 452 2057 pleniorem
471 1993 598 2042 notitiam
621 1999 765 2042 venerunt.
801 1994 838 2042 Et
861 2009 927 2044 sanc
953 1991 987 2041 ad
1006 1991 1102 2055 genni-

132 2077 197 2111 num
214 2061 341 2111 Paullum
360 2059 561 2110 restituendum
580 2061 626 2110 vix
645 2060 793 2125 quidquam
813 2062 966 2110 conferunt.

200 2129 245 2178 De
263 2128 432 2178 editionibus
450 2127 543 2177 Paulli
561 2127 765 2177 Sententiarum
786 2128 989 2194 antiquioribus
1008 2143 1042 2176 cx
1060 2126 1102 2176 in·

134 2199 233 2248 stituto
251 2211 305 2246 non
325 2197 447 2260 agimus,
471 2195 520 2246 sed
543 2195 705 2244 remittimus
728 2195 860 2246 lectorem
883 2196 917 2245 ad
935 2193 1101 2254 Arndtsium‚
1178 2223 1179 2226 =
1247 2201 1250 2206 '
1272 2171 1309 2274 ,ἓν

134 2265 181 2328 qui
208 2267 236 2313 in
266 2277 334 2312 suae
363 2263 494 2313 editionis
522 2262 642 2326 praefat.
669 2279 694 2328 p.
719 2263 769 2311 XV
793 2279 850 2328 seq.
878 2279 926 2313 eas
953 2261 1101 2314 recensuit.

131 2331 206 2382 Illud
223 2337 317 2380 tamen
336 2331 483 2381 admonere
502 2346 517 2379 e
536 2346 566 2380 re
587 2334 640 2391 est,
665 2334 728 2394 post
746 2328 891 2380 Cuiacinm
915 2335 943 2380 et
962 2329 1103 2379 Schultin-

133 2401 217 2464 gium‚
237 2413 349 2462 quorum
368 2401 498 2464 egregias
517 2398 713 2448 adnotationes
727 2400 852 2448 continet
871 2397 1103 2464 ‘lurisprndentia

132 2471 214 2517 vetus
233 2467 497 2528 anteiustinianea',
517 2481 606 2530 neque
626 2465 807 2516 emendandis
825 2482 913 2531 neque
933 2464 1103 2531 explicandis

132 2569 336 2576 -.ὴ-ψ

133 2634 156 2695 ⁴)
172 2636 207 2686 Cl.
223 2635 318 2685 Stieber
329 2637 407 2690 Praei.
421 2637 451 2686 ad
464 2637 581 2686 Hanboldl
595 2651 676 2699 opusc.
690 2637 758 2685 acad.
776 2637 806 2690 Τ,
817 2637 846 2685 ll.
862 2653 883 2699 p.
899 2635 986 2687 CXLll.
1006 2635 1104 2684 Hccncl.

134 2703 213 2768 prael.
227 2703 255 2752 ad
270 2704 314 2764 leg.
328 2705 395 2755 Rom.
410 2705 482 2766 Visig.
496 2721 519 2768 p.
533 2704 601 2756 llllll,
616 2704 674 2753 lllll.
699 2704 833 2752 Verisimile
847 2711 893 2761 est,
911 2705 935 2752 in
949 2705 1049 2752 caeteris
1062 2716 1104 2750 oc·

134 2773 240 2824 sidentis
253 2773 361 2834 partibus
375 2778 437 2822 extra
452 2787 550 2831 regnum
562 2773 736 2832 visigothorum
751 2767 816 2833 (nam
829 2772 869 2820 bic
882 2772 1001 2834 antiquum
1014 2771 1051 2819 ins
1063 2785 1105 2832 per

122 2837 225 2890 'novem'
234 2841 309 2900 legem
322 2841 453 2889 Romanam
471 2840 584 2890 abolitum
603 2837 663 2902 erut)
677 2841 831 2900 genuinarum
844 2840 917 2888 Paulli
936 2839 1105 2886 sententiarum

135 2909 233 2960 codices
247 2909 335 2958 dlutius
348 2909 372 2958 in
386 2924 430 2968 usu
444 2909 516 2957 luisse
530 2915 551 2956 et
563 2915 644 2972 postea
658 2909 803 2956 Francorum
822 2921 893 2966 regno
906 2906 1021 2969 prolatsto
1035 2905 1106 2952 eliam
1127 2930 1131 2937 =

133 2975 163 3024 ab
182 2977 235 3033 bis,
255 2975 337 3039 quiin
357 2977 432 3026 Gallia
452 2977 581 3025 meridiana
600 2975 637 3024 ius
657 2976 781 3032 docerent,
799 2975 905 3038 usurpari
925 2973 1041 3036 coepisse.
1069 2972 1105 3021 lbi

136 3044 201 3092 enim
214 3045 310 3104 soboles
323 3045 432 3107 antiquos
446 3044 519 3093 libros
532 3045 665 3099 retinuisse,
679 3044 783 3106 exceptis
796 3042 896 3092 fortusse
909 3041 961 3092 Gaii
974 3041 1105 3090 lnstilutio-

134 3111 216 3170 nibus,
229 3111 314 3173 probat
325 3113 438 3161 remissio
452 3113 481 3161 ad
495 3113 583 3160 ‘Paulli
597 3112 718 3174 Responsa
735 3110 779 3158 sub
797 3111 863 3160 titulo
881 3110 909 3158 de
926 3125 951 3158 re
968 3111 1065 3157 uxoria'
1080 3109 1105 3155 in

135 3178 297 3241 lntcrp1·.'lb.
312 3180 337 3229 C.
351 3180 393 3229 lll.
408 3188 439 3236 ts,
453 3189 474 3227 2.
495 3180 531 3229 Cl.
546 3180 631 3228 lsidcr.
646 3178 711 3237 orig.
726 3188 745 3234 5,
760 3186 792 3227 14.
806 3186 828 3226 et
841 3179 921 3228 Const.
935 3176 1033 3226 Omnem
1047 3177 1106 3237 reip.

94 3247 96 3252 ’
134 3240 162 3308 S
178 3255 198 3297 1.
268 3243 288 3307 ⁵)
308 3248 446 3312 Descriptos
465 3247 572 3296 invenies
590 3252 643 3310 post
655 3245 786 3295 Slieberum
800 3247 815 3294 l.
830 3261 851 3296 c.
866 3246 891 3294 Τ.
905 3245 936 3295 ll.
948 3261 972 3308 p.
986 3242 1106 3292 Lllllllllll

136 3325 187 3377 seq.
202 3315 226 3362 in
240 3312 338 3365 Haenel.
352 3316 428 3377 prael,
442 3315 472 3363 od
487 3315 669 3374 L.llom.Visig.
684 3315 753 3362 c.lll.
765 3313 832 3376 p.llL
846 3329 897 3376 seq.
915 3313 992 3374 lpsnm
1006 3310 1105 3357 ‘Variet

133 3383 270 3445 scriptume
289 3397 315 3430 er
329 3381 401 3430 Paulli
416 3397 427 3430 s
442 3381 514 3442 Visig.
534 3383 589 3446 epit.
604 3381 742 3432 codicibus'
761 3381 856 3440 collegit
874 3381 937 3429 ldem
954 3379 1027 3427 Boon.
1048 3384 1105 3427 1834.

134 3457 158 3496 et
171 3450 194 3498 in
209 3450 281 3512 Corp.
294 3451 340 3498 iur.
355 3451 467 3509 aniciust.
480 3450 599 3498 bonnensi
612 3466 635 3512 p.
651 3457 687 3497 163
700 3463 750 3512 seq.
769 3449 833 3497 Unus
847 3463 872 3496 ex
886 3448 923 3496 bis
936 3445 1020 3501 codd,
1034 3445 1105 3495 Bero-

131 3516 240 3574 linensis,
254 3517 288 3566 ibi
302 3517 402 3566 collatus
415 3523 450 3565 est
462 3533 476 3564 a
488 3517 609 3566 Rudorlio.
