2634 3960
497 233 559 270 oen
579 235 682 272 incarn.
702 220 739 269 il'.
760 223 799 270 15.
1077 223 1127 270 267

157 393 352 432 --·-0·-*
369 383 374 437 t
390 375 826 434 -—-—-vv.13—1o.
1088 368 1125 443 18Ι

154 461 297 526 'omnen
320 475 437 523 uncas,
466 474 672 530 sacnnrrnuro
696 477 905 526 orra‘nnnnnro
927 478 966 520 rr
984 477 1125 520 prouoco.

158 546 354 600 aduersarius
375 553 497 618 geenne
517 545 646 600 dicebat:
667 559 789 608 euenor
809 560 860 601 Ars
879 559 1001 609 encore
1014 559 1074 601 Ars
1089 559 1129 600 ru

156 645 200 686 ΕΑ
214 645 254 684 nu
271 643 390 686 enerve
407 646 481 695 surr,
501 643 670 695 sternerent
684 643 743 686 noo
760 643 798 685 re
810 642 1014 686 sncanucuro
1038 643 1126 690 oviu-

155 729 295 770 eeuanro
309 705 470 770 praenest
482 714 486 778 Ι
500 741 651 751 ----
672 730 713 766 rv.
723 711 857 769 20-23.
1119 720 1124 773 t

158 823 452 838 -------
470 796 503 852 ad
518 796 632 852 iudicem
644 796 829 868 accipiundum
846 789 850 873 l
868 798 1002 854 uenirent.
1026 800 1192 869 postea193.

156 896 229 935 uero
254 882 372 938 reuersis
401 880 514 936 dabatur
535 882 607 938 'non
628 891 690 936 ante
712 875 804 936 diem⁵
826 899 898 936 xxx.
921 880 1016 937 iudex:
1038 885 1124 954 idque

72 1006 76 1012 .
156 981 207 1036 per
221 964 310 1037 legem
326 964 456 1020 Pinariam
473 966 573 1022 lactum
594 972 649 1030 est;
671 972 732 1022 arrte
748 982 805 1020 earn
827 973 914 1020 autem
937 965 1026 1038 legem
1042 966 1125 1022 ’uon-

155 1041 244 1106 tlutn6
264 1048 376 1104 dabatur
395 1049 485 1105 iudex.
530 1050 601 1105 illud
619 1066 651 1105 ea
672 1048 858 1122 superioribus
880 1049 1078 1123 intellegimus,
1102 1050 1125 1104 si

155 1132 192 1187 de
208 1149 238 1188 re
254 1134 365 1189 minoris
381 1151 460 1207 quarn
476 1133 521 1206 (u)
537 1135 605 1189 aeris
622 1133 765 1208 agebatur,
783 1135 1015 1207 quinquagenario
1036 1149 1125 1190 saera·

156 1225 260 1280 mento,
277 1234 332 1273 non
348 1221 525 1292 quingenario
542 1235 588 1274 eos
604 1217 769 1273 contendere
785 1217 882 1272 solitos
899 1218 991 1272 luisse.
1027 1219 1125 1274 Postea

157 1308 249 1357 tamen
266 1319 344 1374 quatu
359 1302 438 1358 iudex
460 1303 541 1359 «tatus
561 1309 646 1375 esset,
670 1301 909 1374 comperendinum
930 1300 1014 1363 illem,
1038 1309 1069 1356 ut
1091 1302 1125 1356 ad

156 1384 274 1441 iudicem
290 1388 423 1449 uenirent,
440 1386 647 1448 denuntiabant;
669 1385 766 1442 deinde
782 1403 842 1441 curn
859 1386 891 1440 ad
911 1385 1026 1441 iudicem
1042 1402 1125 1442 uene-

143 1479 233 1538 rant,
251 1480 393 1543 antequam
409 1474 482 1544 apud
496 1489 556 1527 eunt
573 1489 692 1528 eausam
707 1478 880 1544 perorarent,
897 1469 1021 1528 solebant
1036 1470 1125 1525 breui-

158 1563 203 1609 ter
225 1556 249 1610 ei
270 1563 297 1610 et
324 1557 401 1629 quasi
422 1571 471 1629 pcr
490 1556 604 1613 indiecrn
632 1571 688 1610 rein
715 1571 864 1628 exponere:
891 1571 960 1628 quae
985 1554 1125 1612 dicebatur

161 1737 365 1747 .—-——-—--—

160 1869 192 1934 ¹³)
206 1872 273 1921 Puta
290 1889 313 1921 a.
333 1880 434 1920 tt-to.
453 1871 512 1934 fere
529 1874 566 1922 aie
581 1873 704 1935 scriptum
718 1871 817 1934 lutrae:
833 1871 961 1921 ‘Ceterum
978 1886 1031 1920 cnm
1050 1875 1124 1922 etiem

157 1941 228 1992 itstae
241 1954 322 1988 omnes
334 1941 449 1995 actiones,
463 1939 550 2004 quibus
562 1946 721 1989 accremento
734 1939 869 2003 agebatur,
883 1940 964 1987 autin
977 1953 1030 1988 rent
1042 1941 1124 1988 autin

157 2021 294 2072 perronam
307 2014 399 2069 errent,
409 2009 433 2056 ai
443 2009 469 2056 in
481 2023 616 2070 personam
628 2007 758 2071 agebatur.
769 2023 823 2054 eunt
835 2011 940 2070 uterque
953 2008 978 2054 in
992 2009 1030 2054 ius
1042 2009 1124 2056 uenis·

157 2081 207 2135 aet,
221 2081 295 2128 actor
307 2076 346 2132 id,
360 2077 428 2140 quod
438 2075 487 2124 riti
499 2077 557 2124 dari
565 2077 655 2136 fierine
668 2081 814 2136 oporteret,
829 2073 985 2129 intendebat,
999 2076 1066 2122 uelut
1077 2074 1124 2123 lroc

108 2163 110 2169 ·
159 2143 247 2192 modo:
259 2156 300 2194 aro
314 2156 344 2192 re
355 2156 413 2192 mur
424 2157 462 2193 us.
474 2157 492 2193 x
501 2156 571 2192 uruit
582 2155 650 2191 orne
663 2155 801 2191 oeonrnne.
824 2143 990 2190 aduersarius
1007 2141 1124 2204 negabat.

159 2211 253 2258 deinde
264 2215 339 2258 actor
351 2209 482 2257 dieebnt':
500 2207 545 2271 (ef.
558 2223 639 2272 surpra
653 2207 680 2271 S,
695 2218 713 2257 t.
731 2209 819 2259 Valer,
834 2207 913 2259 Proh.
926 2216 945 2254 t.
965 2207 1005 2258 Aa
1025 2209 1122 2272 ingrer-

158 2292 248 2327 conom
260 2278 359 2326 actione
372 2279 446 2325 etiam
462 2278 550 2328 Valer.
564 2276 664 2326 Probas
680 2277 776 2326 initium
786 2276 864 2336 facit,
882 2283 909 2323 ut
927 2277 953 2324 in
970 2278 1124 2339 exponendo

158 2347 215 2408 ipae
230 2344 285 2396 Gai.
298 2354 318 2399 t,
332 2353 351 2394 2.
366 2354 386 2395 3.
403 2353 445 2402 rt,
459 2349 543 2411 itaque
556 2345 597 2394 tric
608 2345 673 2394 ordo
685 2359 721 2393 eac
737 2345 794 2407 ipso
812 2345 866 2394 iure
879 2343 1001 2394 Floriano
1016 2343 1124 2407 [lancisae

159 2409 277 2475 uidetur).
298 2411 399 2476 Signum
411 2409 485 2476 Sua,
500 2414 568 2478 quod
579 2413 637 2462 edd.
650 2411 743 2462 liabent
755 2411 826 2462 initio
838 2420 925 2476 puta,
940 2411 987 2460 Inte
999 2413 1124 2462 transtuli.
1192 2461 1194 2466 ,

161 2477 183 2538 ⁴)
196 2479 270 2528 Haec
283 2481 342 2545 quia
355 2495 389 2529 ecc
401 2481 513 2544 vestigiis
525 2479 553 2530 0.
568 2478 605 2544 (in
618 2497 666 2546 quo
678 2498 699 2530 o.
715 2497 749 2530 nn
762 2482 827 2544 atqle
838 2481 1005 2544 significatum
1018 2477 1085 2543 erat)
1100 2487 1125 2528 et

163 2562 198 2595 ex
209 2550 333 2597 sententia
344 2550 408 2598 aetia
420 2555 493 2597 certa
504 2548 664 2605 videbantur,
681 2551 706 2598 in
727 2555 800 2598 teratu
812 2551 887 2612 posui
903 2549 954 2609 (ed.
967 2547 1016 2612 139.
1030 2553 1125 2597 tantum

163 2612 237 2662 hahet
249 2615 384 2678 n'captus).
417 2617 517 2666 Deinde
533 2618 559 2664 in
576 2633 598 2666 υ.
612 2625 696 2665 ro-tt
712 2618 776 2666 med.
794 2616 857 2666 leaeo
871 2616 929 2680 fere
943 2617 1025 2678 futare
1042 2618 1124 2679 anapi-

163 2695 224 2730 corr
242 2681 344 2748 ‘Itaque
362 2691 437 2734 actor
452 2685 476 2732 rt
492 2685 582 2734 iniuste
601 2686 784 2742 contendisset,
797 2686 975 2742 aduersarius,
994 2685 1017 2734 ei
1033 2685 1125 2734 iniuste

161 2759 286 2812 negasset,
299 2753 464 2803 iureiurando
476 2769 503 2802 ae
516 2754 662 2806 sacrabant.
681 2754 779 2802 Deinde
793 2754 859 2802 litem
871 2753 1085 2810 contestabantur,
1099 2753 1127 2801 td

139 2841 141 2844 ·
161 2824 212 2876 est,
226 2825 331 2882 uterque
349 2823 475 2870 nominata
490 2837 568 2870 carisa
585 2823 636 2870 litis
653 2819 767 2870 dicebat:
781 2835 889 2872 srnrrer
900 2834 957 2869 irrui
970 2834 1050 2869 rectu
1060 2833 1125 2872 usse

160 2899 250 2934 ennon
264 2900 356 2939 rusrus
369 2889 480 2938 oswiu!
497 2889 652 2954 iudicemque
665 2889 810 2952 pascebant,
822 2897 847 2937 et
859 2889 923 2938 diem
934 2889 984 2938 sibi
992 2889 1124 2937 denuntia-

161 2952 230 3016 bant,
244 2969 292 3019 quc
305 2956 331 3003 in
343 2957 381 3004 tue
394 2957 423 3004 ad
438 2957 555 3007 iudicent'
568 2964 616 3006 ete.
637 2953 688 3021 (Cf.
703 2958 759 3006 Lic.
776 2966 793 3016 t,
806 2965 839 3004 32.
855 2955 910 3020 §.tn
928 2957 998 3006 Fest.
1012 2973 1033 3008 c.
1042 2957 1125 3006 Lr'tern

161 3024 312 3072 contestari.
331 3022 392 3074 Geli.
407 3033 426 3080 5,
442 3033 473 3074 to.
493 3024 524 3073 L.
539 3035 558 3075 t.
572 3022 598 3086 S.
615 3026 680 3077 t.D.
694 3025 793 3074 delier.
804 3031 858 3088 pet.
873 3023 902 3089 (5,
916 3023 948 3088 3).
972 3023 1057 3077 Soloi.
1071 3024 1123 3076 Cic.

164 3088 242 3141 Verr.
256 3099 282 3148 t,
298 3098 319 3152 t,
333 3099 352 3138 o.
370 3107 398 3155 p.
418 3099 453 3140 tot
471 3091 542 3140 Bait.
561 3097 586 3141 et
603 3093 635 3141 de
651 3109 674 3144 v.
691 3107 783 3141 urroa
802 3093 916 3143 Diomed.
936 3094 959 3142 I.
979 3109 1005 3156 p.
1020 3101 1066 3142 379.
1085 3094 1125 3143 ed.

160 3173 228 3224 Keil.
239 3175 312 3236 infra
327 3192 354 3238 p.
368 3173 427 3240 309).
480 3175 501 3242 ⁵)
518 3178 552 3228 In
570 3178 596 3228 θ.
613 3177 695 3242 fnisse
712 3180 812 3229 videtur
830 3193 852 3226 n.
867 3195 889 3228 a.
903 3179 925 3226 d,
959 3177 1026 3226 Inde
1039 3175 1123 3228 Schot.

160 3240 212 3291 Cic.
225 3244 358 3301 incautior,
372 3251 399 3292 nt
409 3245 480 3308 puto,
491 3246 556 3308 feeit
567 3255 619 3310 post
632 3248 702 3297 diem.
722 3248 793 3297 Ideni
806 3247 876 3295 dedit
888 3247 928 3294 ed.
936 3243 986 3308 Bg.
1008 3244 1062 3292 Atii
1073 3245 1125 3294 clia

160 3311 195 3370 ej.
226 3311 264 3360 die
277 3327 304 3362 x.
322 3313 357 3361 vel
371 3311 463 3362 Monta.
480 3312 599 3366 Ultronol.
616 3332 640 3379 p.
654 3325 700 3366 252.
720 3314 788 3379 (item
805 3313 850 3377 By.
870 3315 910 3363 ed,
924 3309 956 3374 5.)
975 3317 1000 3360 et
1018 3317 1076 3373 poet
1094 3327 1142 3359 ea·

158 3392 253 3441 semper
265 3379 304 3428 die
316 3395 379 3429 xxx.
392 3396 441 3444 pro
454 3383 564 3434 nondnnr,
601 3381 622 3444 6)
636 3383 682 3433 Eae
696 3383 811 3446 lleffteri
822 3383 857 3442 ej.
872 3383 974 3442 scripsi.
1004 3378 1124 3441 intellige

157 3459 232 3495 cero:
246 3449 344 3498 ornnt'no
357 3451 476 3511 rotulum,
491 3453 549 3516 quio
562 3452 617 3514 ipse
627 3458 738 3514 praetor
750 3452 823 3500 etiarn
842 3447 979 3497 iudicabat.
1012 3446 1052 3509 Cf.
1068 3445 1126 3498 libr.

158 3527 236 3562 rreum
249 3513 365 3565 ‘Seruius
381 3517 456 3584 licli'
467 3535 494 3582 p.
509 3527 553 3569 583.
567 3525 618 3569 not.
633 3528 652 3570 t.
