2614 3960
347 205 412 242 uos.
430 205 464 240 sc
483 205 548 241 nou.
567 206 661 241 ncovu
680 207 795 245 consur.
815 193 842 244 Χ.
862 195 885 242 3.
982 253 987 263 Ι
1049 195 1097 242 581

134 346 162 404 b.
197 341 344 402 ¹⁰dctione
360 346 491 419 'depositi
511 339 601 401 serui¹
620 355 771 402 conuentus
802 346 962 402 cibariorum
991 349 1099 403 nomino
1180 369 1185 412 j
1209 329 1283 433 ’ᾖξ’

134 431 205 506 apud
226 430 341 486 eundem
374 431 487 485 iudicem
513 430 615 485 utiliter
636 433 786 504 experitur:
808 439 834 485 at
856 433 893 493 is,
916 433 959 486 cui
987 431 1099 486 ’seruus

135 515 322 572 commodatus
344 507 415 576 est,²
440 513 563 587 improbe
591 514 751 569 cibariorum
778 517 944 570 exactionem
973 515 1098 570 intendit.

134 600 269 673 Impensos
291 607 380 652 tamen
401 600 565 654 necessarias
587 600 645 654 iure
661 598 848 672 persequitur,
879 595 945 671 quis
972 599 1044 654 iorte
1071 600 1099 653 in
1189 583 1190 658 }
1233 653 1275 672 ‚

2 641 9 722 i
43 755 46 760 Ι
134 699 261 757 aegrum,
284 681 328 738 uel
351 680 414 736 alias
436 681 600 738 laborantem
622 683 794 755 impenderit.
840 677 868 738 6.
886 677 956 737 ³iies
977 681 1100 756 deposita

65 807 74 830 ,
134 770 157 822 si
185 766 360 839 subripiatur,
394 767 520 821 dominus
540 760 712 822 ’dumtaxat‘
741 766 822 822 habet
858 766 924 822 iurti
958 768 1100 827 actionem,
1191 825 1201 844 ‚

134 852 258 924 quamuis
275 851 341 911 eius.
359 850 429 922 apud
446 867 526 922 quem
542 867 586 906 res
603 850 725 923 deposita
741 859 791 912 est,
808 851 929 912 intersit,
953 850 986 906 ob
997 853 1100 922 impen-

134 953 177 990 sas
192 935 220 990 iu
236 949 292 988 rem
309 933 393 988 iactas
409 951 465 989 rem
476 935 607 996 retinere.
653 935 678 988 is
700 951 779 996 uero,
802 937 846 990 cui
865 950 909 990 res
931 933 1100 990 commodata

134 1021 179 1082 sit,
195 1019 261 1074 furti
276 1019 392 1090 experiri
409 1017 531 1081 debebit,
548 1020 571 1072 si
587 1017 673 1074 modo
684 1018 816 1073 soluendo
833 1013 945 1073 fueriti·
980 1016 1005 1075 7.
1023 1019 1100 1073 Aetio

135 1101 299 1158 commodati
314 1117 422 1174 semper
436 1104 464 1156 in
480 1101 606 1174 simplum
629 1103 775 1174 competit:
805 1101 922 1174 depositi
944 1118 1011 1156 uero
1033 1117 1100 1157 uon·
1152 1149 1154 1158 ,

134 1200 272 1260 nunquam
289 1187 317 1240 in
333 1185 460 1259 duplum,
477 1185 580 1240 scilieet
595 1188 618 1240 si
633 1187 740 1247 ruinae,
763 1183 807 1240 uel
823 1184 971 1257 naufragii,
995 1185 1039 1238 nel
1059 1186 1100 1239 in·

136 1271 232 1332 eondii,
249 1278 295 1324 aut
310 1270 443 1337 tumultus
460 1286 539 1324 causa
554 1286 597 1325 res
612 1268 773 1342 deponatur.
786 1263 799 1301 ⁶

197 1369 263 1444 Kap.
284 1370 327 1424 iii.
373 1370 672 1444 Hermogenianus
699 1369 761 1424 sub
787 1368 895 1423 titulo
924 1368 962 1423 de
989 1367 1097 1439 depo·

134 1457 203 1510 sito
219 1454 417 1510 huiusmodi
437 1456 565 1510 inserit
587 1445 916 1509 'constitutiones:⁷
956 1449 980 1507 1.
1004 1450 1100 1506 'iidem

134 1540 253 1612 Augusti
276 1545 303 1593 et
323 1532 469 1594 Caesares⁸
490 1530 602 1593 uranici
630 1537 759 1594 Munatio.
803 1535 883 1598 Eunt,
907 1537 952 1608 qui
982 1536 1101 1607 suscepit

134 1622 297 1694 depositum,
315 1623 423 1685 dolum,
439 1637 494 1677 non
511 1624 589 1677 etiam
606 1639 696 1678 casum
711 1629 862 1694 praestare,
879 1619 945 1676 certi
961 1621 1026 1674 iuris
1048 1627 1099 1674 est.

134 1706 199 1762 Cum
215 1708 306 1780 itaque
321 1723 472 1780 proponas,
489 1708 559 1780 ignis
576 1708 603 1760 ui
619 1706 749 1778 quaedam
762 1713 877 1760 cremata
898 1704 931 1758 de
952 1703 1008 1766 his,
1031 1719 1100 1776 quae

134 1789 183 1845 tibi
199 1791 275 1845 inere
292 1790 490 1853 commendata,
507 1807 557 1846 nec
572 1790 657 1848 ullum
674 1789 765 1845 dolum
780 1791 807 1844 in
817 1787 1005 1842 subtrahendis
1020 1785 1101 1840 rebus

133 1873 296 1934 adhibitum,
319 1881 410 1929 rector
431 1876 586 1946 prouinciae
602 1875 668 1929 nihii
688 1881 782 1928 contra
802 1873 869 1926 iuris
889 1871 1021 1926 rationem
1043 1867 1103 1924 fieri

136 1958 264 2030 patietur.
306 1950 614 2028 utquontam’neet120
631 1958 753 2029 quereris
769 1972 866 2023 moras,
884 1952 1000 2008 adhibita
1017 1954 1102 2008 uarie·

135 2046 204 2100 tate,
228 2041 369 2111 negotium
391 2041 461 2094 inter
476 2058 526 2096 uos
549 2048 639 2095 ortum
656 2040 804 2095 secundum
819 2039 885 2093 iuris
907 2037 1028 2092 ordinem
1053 2053 1101 2090 sua

133 2124 239 2178 ratione
256 2121 405 2178 decidetur.
440 2123 597 2196 Subscripta
611 2140 680 2182 vnn.
698 2123 755 2178 Kal.
773 2121 953 2182 lul.·Serdica,
969 2121 1099 2193 Augustis

133 2200 224 2264 coss.1
370 2209 373 2213 ’

132 2388 163 2453 1⁰)
185 2391 282 2439 Partim
300 2394 387 2438 emetat
404 2389 437 2438 L.
450 2398 483 2438 23.
507 2389 537 2438 b.
557 2390 644 2452 depos.
665 2389 708 2450 (tu,
726 2386 759 2447 3).
843 2385 863 2449 ¹)
882 2385 990 2450 deposito
1002 2385 1035 2434 B.
1054 2385 1100 2434 Vc.

134 2460 254 2520 depositus
276 2458 317 2509 Vi.
354 2457 455 2520 depositi
474 2458 533 2505 edd.
552 2457 621 2520 trip,
639 2459 665 2504 in
683 2455 771 2520 quibus
788 2459 883 2517 postea
902 2459 946 2518 est¹
958 2468 1027 2503 seruo
1040 2467 1098 2501 con·

132 2527 211 2572 stituto
231 2521 420 2586 (constitutori)
440 2519 592 2574 cibariorum.
629 2523 738 2572 Eccidit
755 2524 843 2586 siplum
861 2539 882 2571 a.
901 2521 964 2569 serui
983 2520 1014 2572 ob
1032 2517 1100 2571 simi·

132 2592 261 2640 titudinem
278 2607 331 2640 cum
349 2591 471 2654 depo-siti.
551 2589 571 2653 ²)
591 2606 630 2639 res
649 2589 729 2654 (quod
746 2606 800 2639 cum
818 2606 833 2638 r
851 2595 876 2638 et
895 2605 908 2638 e
925 2589 971 2638 uiro
989 2589 1102 2638 discerni

128 2660 239 2722 possint,
258 2666 317 2707 eret
334 2659 421 2721 siplum
438 2656 573 2722 mseruns)
599 2658 760 2707 commendata
780 2665 815 2705 est
834 2655 867 2705 B.
892 2658 938 2706 Ve.
972 2672 1010 2705 res
1035 2670 1100 2703 corn·

131 2727 281 2774 mandantem
303 2725 344 2774 Vi.
379 2741 418 2774 res
442 2727 590 2776 commodata
610 2733 645 2774 est
669 2727 728 2775 edd.
831 2723 854 2786 ³)
876 2723 914 2785 Of.
936 2721 991 2771 Gai.
1010 2731 1036 2777 3.
1055 2731 1100 2770 207.

130 2791 152 2855 4)
171 2793 218 2842 Em
237 2791 390 2856 Sebuitinpii
406 2793 442 2854 ej.
464 2790 509 2856 (so.
527 2809 563 2842 em
580 2795 645 2856 cipio
664 2791 748 2853 dumi.)
768 2793 846 2841 domui
868 2790 931 2840 Cdd.
958 2806 985 2838 eo
1005 2791 1102 2838 nomine

131 2863 170 2910 ed.
189 2859 235 2911 Bt.
337 2858 359 2922 Ε’)
379 2860 418 2922 Os.
442 2861 472 2911 L.
492 2869 515 2909 rs
529 2864 574 2922 fin.
606 2861 637 2908 h.
657 2869 690 2911 53.
710 2858 737 2921 s.
758 2869 776 2907 1.
799 2859 835 2907 D.
859 2859 890 2906 de
912 2857 976 2918 furt.
998 2853 1047 2917 (tr,
1067 2855 1101 2912 a).

130 2929 162 2979 L.
182 2938 215 2979 28.
235 2929 266 2977 D.
285 2943 339 2978 rer.
363 2933 438 2976 umet.
459 2926 507 2989 (25,
526 2928 558 2988 2).
661 2927 683 2987 ὅ)
715 2926 754 2988 Of.
774 2926 805 2974 b.
826 2935 844 2974 1.
865 2923 891 2987 8.
912 2934 931 2973 t.
962 2923 996 2976 L.
1017 2931 1047 2970 18.
1066 2923 1101 2970 D.

131 2997 220 3058 depos.
240 2993 284 3059 (to,
304 2993 334 3057 3),
422 2993 443 3059 ⁷)
464 2997 632 3046 constitutione
649 2993 684 3043 B.
704 2991 769 3055 (Ve,
790 2993 830 3042 Vi.
850 2992 913 3042 baec
931 2990 990 3054 om.)
1011 2991 1100 3040 consti-

132 3065 244 3112 tutionem
268 3065 326 3112 edd.
365 3062 403 3124 Os.
429 3064 461 3111 de
484 3063 523 3112 tis
541 3063 652 3114 Hcemel.
671 3062 762 3110 Herm.
780 3060 808 3112 0.
826 3076 855 3123 p.
876 3069 909 3108 74.
1014 3057 1035 3119 8)
1055 3055 1101 3106 Eae

134 3128 217 3180 Cuiac.
236 3132 271 3191 ej.
308 3131 369 3180 idem
388 3136 500 3191 augustus
519 3145 587 3180 cesar
605 3129 639 3178 B.
659 3125 720 3191 (Vc.
745 3129 785 3178 Vi.
806 3127 865 3190 om.)
901 3129 965 3176 idem
985 3127 1102 3184 Augustus

132 3194 177 3257 (et)
197 3197 283 3244 Caesar
300 3199 339 3246 ed.
359 3196 403 3246 Bt.
478 3195 499 3261 9)
519 3200 603 3247 iiauius
620 3196 656 3248 B,
679 3198 716 3248 Fi.
736 3197 794 3246 edd.
865 3192 897 3256 ²⁰)
918 3202 987 3242 necto
1000 3191 1035 3239 B:
1055 3207 1100 3239 nec

136 3264 176 3312 Vi.
200 3262 246 3311 Vc.
291 3279 333 3312 nec
357 3273 380 3314 tu
404 3267 463 3317 edd.
503 3265 546 3328 Is,
570 3265 613 3330 qui
635 3264 741 3312 libellum
764 3264 846 3320 dedit,
871 3261 902 3310 ab
926 3275 968 3317 eo,
993 3259 1036 3322 qui
1057 3273 1101 3306 res

131 3331 202 3392 opud
218 3331 297 3393 ipsum
310 3333 472 3394 deposuerat,
493 3334 590 3396 aliquid
605 3332 700 3395 petisse
718 3331 830 3385 videtum·
849 3331 889 3377 eui
904 3327 1022 3390 petitioni
1039 3339 1094 3374 cum

133 3399 174 3446 itte
201 3397 333 3458 obiiceret,
362 3401 431 3463 quod
455 3415 540 3448 rerum
568 3399 741 3463 depositarum
762 3398 860 3446 nomine
881 3394 931 3444 sibi
952 3393 1102 3446 deberetur,

132 3479 217 3515 moros
235 3472 336 3514 nectere
354 3468 422 3515 uisus
440 3472 486 3515 est.
558 3464 577 3528 ¹)
598 3482 621 3518 a.
641 3473 759 3516 ²93—304.
