2634 3966
169 201 202 249 92
611 213 703 251 servs.

237 351 331 398 Etiam
357 349 442 400 libros
473 365 507 399 ex
531 350 564 410 Q.
583 350 675 400 Mucio
699 349 797 400 Gaium
821 351 850 399 iu
876 349 1033 400 scholarum
1059 365 1138 402 usum

169 414 329 480 scripsisse,
360 421 435 467 certe
458 418 604 482 probabile
629 422 681 468 est.
721 419 874 469 Nemeum
898 416 933 466 ad
961 433 1007 468 eos
1029 433 1137 482 quoque

170 486 248 534 iuxta
272 485 358 534 edicti
380 485 642 549 interpretationem
664 485 797 535 lectorem
821 483 949 549 ablegat,
974 487 1054 550 quasi
1077 502 1138 550 pro·

171 551 297 602 rnulsidis
321 552 381 602 loco
407 553 512 616 aliquid
536 553 640 602 addens
668 552 761 604 verbis
790 552 859 602 ‘hoc
886 552 973 604 soluin
1000 554 1139 618 tantisper

171 618 276 669 sufficit
295 619 485 670 admonuisse’
506 619 541 683 (1,
560 622 616 672 188.
632 621 667 670 cf.
686 623 709 678 2,
729 619 793 683 97.),
812 635 901 670 nonne
921 620 1073 684 discipulos
1092 623 1140 670 vi·

171 687 250 736 detur
272 689 424 751 respicere,
448 703 482 736 ex
507 686 564 737 illis
587 688 667 737 libris
691 692 790 752 postea
812 688 924 738 uberius
942 688 1138 738 instruendos?

172 753 317 818 suspicari
334 754 420 818 igitur
433 754 508 818 licet,
526 756 556 804 in
574 755 678 805 scholis
695 755 746 805 hos
764 755 851 806 libros
870 759 954 804 antea
974 769 1035 804 eum
1047 755 1139 806 locum

173 822 335 880 obtinuisse,
354 821 383 869 in
402 837 481 886 quem
499 826 598 886 postea
616 822 767 886 Papiniani
785 837 918 886 responsa
936 823 1070 872 venerint.

239 889 366 954 Denique
389 891 493 953 primus
512 887 613 951 Gaius,
633 889 737 938 utiam
755 887 825 951 dixi,
845 889 983 938 elementa
1002 887 1138 951 quaedam

172 958 241 1005 iuris
261 957 353 1006 civilis
373 958 526 1020 composuit
545 962 573 1006 et
591 957 626 1005 ab
645 957 715 1020 ipsis
733 955 913 1006 instituendis
932 954 1064 1005 studiosis
1077 971 1138 1005 ora·

172 1029 260 1072 torum
280 1023 433 1088 exemplum
446 1021 587 1072 secutus²³
606 1023 761 1088 appellavit
772 1023 980 1084 Institutiones,
994 1023 1041 1072 vel
1059 1038 1139 1086 quem

171 1091 309 1153 integrum
327 1090 345 1141 i.
365 1105 389 1138 e.
410 1105 427 1138 a
450 1088 571 1140 librariis
593 1090 712 1139 nondum
730 1089 886 1139 mutilatum
906 1089 1038 1140 eiusmodi
1056 1089 1139 1140 libro-

172 1173 230 1205 runr
250 1157 336 1206 fuisse
355 1155 464 1206 titulum
482 1156 575 1207 malim
593 1158 710 1222 opinari,
729 1157 939 1208 ‘Institutiones
951 1158 1020 1206 iuris
1033 1156 1138 1206 civilis’

173 1229 287 1274 auctore
312 1225 445 1275 Lactant.
470 1226 498 1288 1,
523 1226 545 1274 1.
565 1225 588 1285 §-
609 1227 648 1276 12.
684 1224 736 1272 ‘Et
759 1225 783 1274 si
806 1223 916 1287 quidem
939 1224 1086 1288 prudentes
1111 1227 1141 1273 et

173 1291 272 1341 arbitri
295 1291 444 1355 aequitatis
466 1291 656 1342 institutiones
681 1292 773 1341 civilis
795 1291 865 1340 iuris
889 1293 1056 1357 compositas
1081 1291 1137 1342 edi·

174 1360 281 1423 derunt,
300 1358 400 1423 quibus
419 1359 519 1408 civium
537 1358 728 1408 dissidentium
745 1358 811 1408 lites
830 1360 1077 1423 contentionesque
1096 1373 1140 1408 so·

173 1429 277 1490 pirent,
307 1429 411 1490 quanto
436 1425 533 1475 melius
556 1442 606 1477 nos
629 1431 658 1475 et
680 1427 784 1476 rectius
813 1425 923 1477 divinas
951 1427 1142 1476 institutiones

172 1495 274 1541 litteris
292 1495 521 1555 persequemur’?
554 1495 650 1556 Neque
670 1493 822 1543 audiendus
841 1497 885 1543 est
901 1493 1072 1554 Momsenus,
1093 1493 1140 1557 qui

174 1560 316 1608 Lactantii
333 1559 394 1608 loco
413 1559 540 1622 ignorato
559 1565 587 1611 et
604 1561 705 1625 spretis
725 1559 902 1621 collationis,
927 1561 1047 1623 Boethii,
1066 1561 1140 1610 Visi-

174 1628 317 1691 gothorum
336 1630 363 1675 et
375 1627 523 1676 Iustiniani
540 1628 569 1676 in
586 1629 696 1678 Latinis
716 1628 959 1678 constitutionibus
979 1634 1006 1678 et
1024 1629 1052 1678 in
1069 1627 1141 1692 ipsis

173 1695 349 1757 Digestorum
371 1695 598 1758 inscriptionibus
622 1696 790 1746 testimoniis
808 1696 956 1760 genuinum
974 1696 1009 1745 iis
1026 1694 1139 1746 titulum

174 1763 386 1812 ‘institutorum’
407 1764 506 1812 asserit
526 1779 559 1813 ex
577 1765 656 1813 unius
675 1764 816 1813 Prisciani
835 1760 896 1828 (lib.
916 1764 962 1814 VI.
981 1779 1007 1828 p.
1027 1763 1076 1813 726
1094 1761 1137 1822 Ρ.)

174 1831 341 1880 arroteritate
364 1826 442 1894 (addi
464 1833 557 1880 tamen
580 1835 690 1895 poterat
707 1831 804 1881 Boeth,
829 1847 924 1881 comm.
944 1831 973 1878 in
992 1828 1049 1880 Cic.
1069 1829 1138 1892 Top.

172 1899 208 1946 II.
227 1915 252 1960 p.
270 1899 329 1947 299.
353 1899 411 1948 303.
431 1897 525 1962 Bait),
549 1915 609 1948 curn
628 1899 726 1948 dudum
746 1898 796 1951 Ev.
817 1894 883 1948 Otto
903 1913 998 1950 comm.
1018 1895 1051 1946 ad
1069 1897 1138 1946 Inst.

172 1983 198 2030 p.
217 1970 241 2014 3.
262 1965 365 2028 aliique
383 1964 437 2014 viri
455 1964 528 2016 docti
552 1967 734 2029 ostenderint,
759 1969 909 2031 scriptores
930 1965 1041 2015 infimae
1059 1963 1139 2039 ireti-

113 2055 115 2060 v
172 2033 270 2082 nitatis
289 2033 330 2081 sic
350 2031 451 2082 dixisse
471 2049 503 2082 ex
522 2034 639 2084 licentia
657 2034 835 2093 Graecorum,
854 2038 940 2082 totum
958 2047 1027 2096 opus
1045 2047 1079 2082 ια
1089 2023 1138 2082 Ἰν·

174 2101 307 2150 σιίιουτα
327 2098 368 2162 (ut
380 2099 454 2152 Flor.
472 2101 528 2150 ind.
547 2103 632 2150 etiem
650 2101 736 2150 habet
755 2100 927 2150 ‘Definiton’
947 2116 997 2165 pro
1017 2098 1138 2150 ‘Defini-

172 2168 322 2230 tionum’),
350 2167 475 2232 singulos
498 2169 556 2218 eius
580 2169 666 2218 libros
689 2159 743 2231 τὴν
764 2160 891 2232 πρώτην,
921 2161 1059 2231 δευτέραν
1080 2167 1138 2217 κτλ.

169 2228 394 2286 Ἰνσιιιοιιιίωνα
418 2235 627 2298 appellantium.
669 2235 823 2284 Secundum
846 2251 880 2284 ea
903 2251 981 2297 vero,
1010 2249 1080 2300 quae
1105 2233 1139 2282 de

174 2304 259 2352 cilicti
277 2302 355 2351 libris
374 2302 560 2366 singularibus
579 2304 730 2368 disputavi,
742 2318 793 2352 nec
813 2302 917 2364 dubit0,
931 2303 1030 2353 Gaium
1048 2303 1138 2366 ipsum

173 2371 243 2418 hacc
262 2370 418 2419 rudimenta
436 2384 468 2418 eo
487 2370 602 2420 consilio
620 2371 780 2435 scripsisse,
799 2375 829 2419 ut
847 2371 892 2418 ‘in
911 2368 1076 2418 stationibus
1094 2369 1138 2416 ius

173 2439 286 2502 publice
305 2436 473 2486 docentium'
493 2436 575 2498 (dell.
590 2441 630 2500 13,
645 2438 687 2501 13)
707 2439 742 2487 ab
761 2437 796 2486 iis
814 2438 913 2502 potius,
933 2451 1015 2500 quarn
1030 2440 1061 2484 ut
1073 2434 1137 2482 hec·

173 2510 255 2553 tenus
274 2503 441 2565 factitatum,
461 2504 495 2553 ab
517 2504 602 2554 edicti
619 2508 708 2570 prims
726 2509 805 2569 parte
823 2505 890 2553 iuris
908 2504 1027 2553 studium
1045 2501 1137 2566 auspi·

175 2576 293 2634 caretur,
313 2570 383 2634 quod
401 2571 507 2634 pariter
524 2574 551 2622 ei
568 2574 692 2638 ineptum
704 2572 793 2623 videri
811 2572 941 2634 debebat,
955 2575 1038 2634 atque
1057 2569 1139 2619 nobis

173 2640 325 2698 videretur,
350 2639 374 2686 si
397 2639 456 2703 quis
482 2639 635 2690 ab'ordine
659 2641 777 2703 quodam
801 2638 947 2689 iudiciario
972 2635 1137 2702 explicando
1210 2651 1214 2658 ·

174 2714 239 2756 ante
265 2705 459 2756 institutiones
486 2707 532 2756 vel
559 2708 718 2758 Pandectas
747 2715 880 2771 acceptas
906 2706 1015 2755 initium
1043 2706 1139 2754 facere

175 2775 269 2823 vellet.
304 2774 388 2837 Atqui
411 2774 467 2823 iem
490 2773 589 2824 dudum
613 2790 767 2832 exterum,
786 2774 926 2836 nifallor,
946 2779 1011 2823 actu
1030 2774 1064 2822 ab
1083 2775 1138 2820 Au-

174 2846 255 2906 gusto
273 2842 301 2890 in
319 2854 429 2890 menses
448 2844 577 2907 aestivos·
590 2848 618 2892 et
636 2843 767 2892 hibernos
790 2841 878 2892 diviso
903 2841 991 2905 (Suet.
1009 2841 1077 2904 Aug.
1098 2841 1138 2888 12.

175 2909 271 2962 Claud.
295 2908 362 2971 23.),
392 2909 439 2972 qui
466 2909 549 2959 etiam
573 2910 691 2961 consilia
714 2913 910 2974 imperatorum
937 2905 1041 2973 (Dione
1066 2909 1139 2954 teste

173 2979 214 3038 53,
235 2979 275 3024 21.
292 2976 333 3034 56,
351 2978 392 3026 28.
411 2977 453 3039 60,
470 2975 498 3040 4)
519 2983 547 3028 et
570 2978 740 3028 rescribendi
759 2991 827 3040 opus
845 2974 990 3026 semestria
1009 2975 1089 3030 fecit,
1111 2976 1138 3021 et

176 3061 207 3094 cx
227 3043 368 3094 Labeonis
385 3047 450 3093 noto
474 3045 599 3110 exemplo
623 3045 665 3110 (L.
685 3048 709 3096 2.
728 3046 751 3105 ξ.
770 3047 812 3094 47.
834 3045 868 3095 D.
888 3044 921 3092 de
940 3057 978 3093 or.
996 3041 1047 3089 iur.
1068 3042 1089 3099 1,
1110 3037 1138 3104 2)

174 3113 201 3160 in
220 3127 299 3161 usum
317 3116 441 3172 venerat,
461 3116 491 3160 ut
508 3113 577 3163 iuris
597 3128 706 3177 quoque
725 3111 845 3161 studium
863 3127 910 3175 per
923 3123 1029 3158 annuos
1042 3121 1140 3156 cursus

174 3181 247 3228 binis
266 3194 374 3243 quoque
394 3194 465 3229 anno
484 3182 579 3244 pensis
597 3182 743 3231 distinctos
762 3177 961 3230 absolveretur.
996 3176 1140 3242 Utligitur

175 3264 191 3296 a
210 3247 321 3296 traditis
340 3262 419 3311 quam
441 3247 553 3299 minime
574 3249 747 3310 deflecteret,
772 3263 831 3297 curn
849 3245 1057 3296 Institutionum
1076 3239 1140 3292 libri

174 3317 283 3380 integro
303 3329 374 3364 anno
398 3331 452 3366 non
475 3315 635 3366 sufficerent
643 3327 657 3380 ,·
677 3311 889 3381 prudentissime
909 3313 996 3364 Gaius
1018 3310 1141 3360 instituit

176 3498 221 3534 nnn
240 3497 282 3538 est.
329 3485 362 3550 ²³)
385 3489 442 3536 Nam
461 3494 484 3535 et
499 3487 656 3544 Quintilianus
674 3485 847 3534 Institutionern
870 3485 997 3533 oratoriam
1019 3489 1041 3529 et
1058 3479 1140 3530 Celsus
