2614 3960
365 195 427 233 aros.
446 195 480 230 nr
499 195 565 230 non.
586 193 681 230 naevia
700 191 817 231 concur.
835 180 885 230 llll.
905 181 929 230 t.
1078 181 1127 230 589

159 339 271 394 diarius.
317 333 345 392 3.
367 327 461 390 ²⁸’Si9
478 337 539 408 quis
554 335 669 390 insulem
686 327 839 406 ’(ειιιυη)30
860 335 979 390 uoluerit
1001 349 1124 394 exurere,

158 423 271 494 etignis
288 419 415 474 etiamad
437 421 518 477 uicini
533 419 646 475 insulem
667 420 838 490 peruenerit,
862 411 968 490 Aquilia
991 418 1127 474 tenebitur

88 517 89 521 ’
158 508 220 579 lege
237 507 339 560 uicino:
355 520 411 558 non
427 505 513 558 minus
530 505 609 558 etiam
623 503 763 574 inquilInis
780 501 813 556 ob
829 519 874 556 res
890 519 984 558 eurum
1006 511 1124 558 exustae.

159 599 186 645 et
202 591 236 644 ita
251 587 339 643 Labeo
355 587 424 642 libro
441 589 505 644 'xv.
521 581 735 660 responsorum¹
756 586 850 641 refert.
895 584 925 642 4.
956 585 1008 641 Sed
1029 588 1051 640 si
1079 588 1126 642 sti-

150 671 248 746 pulam
265 674 292 727 in
305 687 372 745 egro
389 679 435 726 tuo
451 671 616 732 incenderis,
643 672 769 744 ignisque
792 671 972 744 euagatused
987 670 1126 744 praedium

3 803 5 810 .
70 763 74 768 '
159 757 239 812 uicini
255 757 419 828 peruenerit,
436 764 463 810 et
476 755 542 811 illud
559 757 715 816 excusserit,
732 755 839 828 Aquilia
854 755 898 810 lex
913 755 1003 810 locum
1020 753 1124 816 lrabeat,

158 859 191 896 an
207 842 234 895 in
250 839 350 896 luctum
366 841 436 894 ectio
451 840 494 902 sit,
512 839 563 894 luit
579 840 755 912 quaestionis.
800 837 828 894 5.
845 837 877 893 Et
892 838 1030 912 plerisque
1045 839 1127 910 Aqui-

158 925 193 980 lia
208 925 251 980 lex
266 924 356 979 locum
372 923 470 978 hebere
485 940 540 979 non
557 923 677 986 uidetur,
700 925 778 978 etita
800 922 893 978 Celsus
916 922 985 979 libro
1007 938 1124 979 xxxvu.

157 1009 328 1082 digestorum
349 1006 451 1062 scribit.
505 1009 546 1062 nit
567 1010 651 1068 enirn,
679 1009 702 1062 si
717 1005 844 1080 stipulari
865 1005 1033 1065 incendentis
1052 1009 1125 1080 ignis

159 1085 329 1166 ’effugerit.²
345 1091 450 1164 Aquilia
464 1091 525 1164 lege
542 1108 602 1145 cunr
618 1108 674 1146 non
691 1092 791 1152 teneri,
811 1091 860 1145 secl
881 1093 908 1144 in
929 1091 1029 1146 lactum
1045 1107 1126 1164 agen·

158 1176 236 1239 dtrrn,
263 1172 337 1248 ‘quie
353 1192 407 1231 non
436 1175 620 1249 principaliter
636 1176 679 1229 hic
694 1176 810 1235 exussit,
827 1174 875 1230 sed
891 1175 954 1229 (lurn
970 1174 1041 1228 aliud
1059 1176 1124 1248 egit,

142 1262 199 1315 'sic
218 1262 288 1333 ignis
310 1259 467 1333 processit!
511 1256 539 1315 6.
563 1258 644 1314 Cuius
665 1259 798 1313 sententie
824 1251 885 1312 'et3
912 1259 1044 1330 rescripto
1071 1258 1126 1313 diui

159 1344 252 1400 Seueri
268 1344 440 1418 comprobate
455 1352 496 1398 est
511 1345 539 1398 in
554 1343 620 1398 haec
632 1342 727 1398 uerba:
744 1337 896 1415 ‘Propter4
910 1344 1010 1414 ignem,
1025 1337 1123 1414 ’(ᾳιιί)5

158 1428 249 1502 pabuli
265 1431 350 1502 gratie
365 1429 461 1497 lucino,
484 1428 563 1500 culpa
584 1443 726 1482 seruorum
747 1427 872 1480 Veturiee
895 1425 1005 1480 Astiliue
1025 1441 1125 1500 euaga-

159 1523 204 1567 tus
220 1529 313 1585 agrurn
331 1520 414 1574 tuum,
431 1521 461 1567 ut
476 1513 622 1585 proponiS,
640 1510 820 1584 depopulatus
837 1517 891 1573 est,
919 1510 951 1564 ed
973 1509 1125 1583 exemplum

159 1597 228 1670 legis
244 1597 364 1668 Aquiliae
380 1597 468 1652 noxali
483 1595 583 1652 iudicio
598 1587 752 1658 ’acturuei
773 1596 795 1648 si
817 1595 872 1651 litis
893 1595 1043 1649 eestiinetio
1065 1611 1126 1667 pcr-

159 1681 282 1741 mittitur,
303 1681 430 1735 iudicium
446 1682 522 1735 'curn
549 1679 674 1735 caedere
695 1673 818 1754 potes)⁷
854 1679 984 1734 Videlicet
1007 1695 1061 1734 non
1084 1685 1126 1733 est

159 1841 191 1904 28)
214 1845 309 1893 Exstat
327 1846 360 1893 L.
378 1854 412 1897 27.
431 1842 457 1906 3.
477 1853 496 1892 s.
516 1845 549 1893 Ι).
569 1846 626 1894 eod.
729 1843 749 1905 ⁹)
774 1845 814 1892 Vi.
835 1849 859 1892 ct
878 1844 937 1906 nep.
973 1843 1031 1890 ltern
1050 1843 1075 1890 si·
1090 1841 1123 1892 B.

164 1911 210 1960 Ve.
230 1911 284 1974 (qui
300 1913 396 1960 scilicet
413 1927 500 1960 nouam
519 1920 596 1974 eaput
614 1913 654 1960 laic
672 1912 806 1974 incipiunt)
826 1912 867 1959 ed.
887 1909 930 1957 Bl.
1004 1906 1036 1969 30)
1057 1907 1124 1972 Sup-

159 1979 233 2040 pleoi.
275 1977 385 2026 Excidit
410 1978 440 2026 ob
462 1981 541 2026 sirnile
566 1981 660 2027 -suleur¹
702 1978 735 2026 In
759 1979 818 2040 Dip.
844 1985 883 2025 eet
912 1976 1012 2024 uoluerit
1039 1991 1123 2026 nicam.

161 2043 215 2092 Sed
236 2045 323 2093 eodem
343 2053 436 2107 postea
461 2061 511 2107 pra
534 2046 585 2104 lego
608 2046 700 2094 nabent
725 2047 803 2093 etiarn.
848 2045 941 2092 Verius
965 2051 1066 2098 noctem
1089 2044 1123 2105 ef.

161 2109 189 2173 8.
206 2126 259 2175 seq.
349 2110 368 2174 ¹)
388 2111 422 2161 B.
459 2127 626 2175 responsorum
644 2127 689 2160 xv.
712 2113 753 2160 Vi.
773 2113 813 2160 ed.
834 2111 875 2160 Bl.
911 2125 1079 2174 responsurum
1098 2125 1126 2162 ν.
1164 2161 1166 2170 A

165 2181 211 2227 Ve.
293 2175 315 2242 2)
338 2179 385 2231 Ve,
423 2179 480 2238 sugit
498 2177 531 2226 B.
569 2181 650 2238 elingit
671 2178 713 2229 Vi.
750 2180 887 2240 effugited.
907 2178 951 2226 Bt.
1038 2174 1058 2239 3)
1079 2177 1125 2225 Ec

160 2247 230 2294 Pitli.
250 2247 285 2308 ej.
308 2247 353 2294 *sit
371 2245 404 2296 B.
428 2246 474 2294 Ve.
512 2247 558 2294 scit
580 2247 620 2293 Vi.
657 2246 809 2293 sciliceted⁴
829 2245 871 2298 Bt.
974 2242 997 2304 4)
1020 2246 1125 2308 profiteri

160 2322 257 2377 propter
280 2314 344 2362 Cau.
367 2329 402 2362 ecc
423 2315 486 2360 mate
509 2314 694 2375 periclitatione:
716 2314 766 2362 oid.
794 2313 918 2364 Zeitccltr.
939 2312 1026 2361 XIII.
1044 2327 1072 2375 p.
1092 2320 1124 2360 39.

161 2383 258 2430 Praeses
271 2381 411 2445 prouinciae
424 2381 444 2429 si
457 2389 554 2444 propter
566 2381 607 2429 ed.
621 2378 663 2430 Bt.
716 2378 737 2442 ⁵)
757 2380 825 2430 Seat.
838 2382 972 2443 suppleuit.
1025 2378 1045 2442 Β)
1060 2388 1125 2429 ectu·

161 2463 200 2496 rus
220 2447 266 2510 (cs)
286 2450 326 2498 eol.
346 2448 388 2496 Bt.
409 2463 444 2496 ecc
461 2449 496 2508 ej.
571 2447 592 2509 7)
612 2463 665 2496 curn
684 2449 750 2496 edire
767 2456 843 2521 potest
860 2447 893 2498 B.
916 2449 963 2496 Vc.
999 2449 1054 2512 kap.
1075 2462 1124 2497 011.

161 2516 244 2564 edhirc
262 2523 337 2579 potest
360 2517 401 2564 Vi.
433 2515 613 2566 accommodare
631 2523 708 2577 potest
726 2518 765 2567 ed.
784 2515 827 2564 Bt.
852 2515 892 2563 De
910 2531 940 2564 re
957 2517 981 2564 ei
998 2517 1125 2565 ‘iudicium

161 2597 213 2630 curu
232 2584 283 2631 litis
306 2585 495 2632 aestimatione'
515 2585 698 2645 interpretaris
721 2585 752 2632 de
772 2584 895 2645 formeria,
919 2599 983 2647 quoe
1007 2585 1125 2632 detracto

161 2665 249 2698 noxae
267 2651 395 2700 deditione
414 2651 556 2714 concipitur
575 2650 655 2714 (quod
670 2650 723 2711 feei
742 2651 866 2699 Zeiteclr.
885 2653 902 2702 l.
921 2651 969 2711 c.)‚
989 2652 1124 2700 dubitatio-

161 2733 214 2766 nem
232 2725 323 2772 reuocet,
343 2719 411 2782 quod
427 2718 567 2766 huiusmodi
590 2718 700 2780 formula
716 2721 803 2781 potius
820 2719 937 2766 iudicium
956 2721 1021 2766 ‘sine
1039 2734 1125 2765 noxae

160 2786 280 2834 datioae'
304 2787 343 2834 oet
366 2787 500 2834 ‘detracto
523 2799 608 2834 nocue
636 2787 753 2834 datioue’
779 2785 830 2834 diei
852 2791 877 2832 et
898 2787 964 2833 solet
987 2791 1012 2832 et
1041 2785 1123 2832 dehet.

161 2852 254 2918 Itaque
272 2868 325 2902 rem
344 2869 408 2902 nunc
426 2869 461 2902 ex
478 2854 511 2904 L.
530 2861 562 2904 26.
583 2854 616 2905 D.
635 2853 670 2901 ad
688 2856 735 2915 leq.
755 2853 841 2915 Aquit.
861 2852 891 2912 (o,
911 2849 933 2915 2)
953 2853 1041 2915 iisque,
1061 2867 1124 2914 quae

161 2921 271 2972 ‘Gaius’
295 2939 322 2984 p.
343 2930 387 2970 tlt.
412 2922 551 2984 disputavi,
579 2923 713 2984 eooplieare
740 2923 813 2970 malo.
858 2917 924 2982 Ipsa
949 2922 994 2968 lese
1021 2918 1126 2983 Aquilia

160 2989 278 3038 damrzoto
297 3004 356 3050 reo,
376 2991 464 3052 quanti
481 3004 511 3036 ea
529 3004 572 3036 ree
591 2995 669 3043 esset,
689 2989 765 3044 dare,
785 2989 850 3036 certi
868 2987 1065 3043 condictionem,
1090 3002 1125 3036 ex

161 3056 312 3118 infitiatione
335 3057 503 3118 duplandam,
528 3057 613 3104 actori
635 3055 772 3108 tribuerat·
799 3056 884 3118 itaque
906 3057 928 3103 ie
951 3055 1067 3102 iudicium
1090 3069 1125 3103 ex

161 3120 209 3168 liae
226 3125 280 3184 tepe
299 3127 368 3171 ‘cum
387 3122 454 3186 (ouo)
474 3124 524 3172 titio
542 3125 732 3172 aestimatione⁷
751 3122 873 3172 dictabat.
914 3119 991 3180 Quom
1010 3124 1125 3184 priscam

161 3190 320 3236 seueritatem
337 3191 499 3254 prae-toron
516 3191 641 3247 actiones,
661 3206 724 3255 quoe
746 3192 803 3253 ipse
820 3205 882 3238 cane
901 3191 999 3238 omuino
1024 3190 1059 3236 ad
1077 3204 1123 3236 erc·

162 3257 266 3318 emplum
294 3258 356 3318 lepis
382 3257 502 3322 Aquiliae
529 3258 620 3318 dabat,
647 3260 796 3321 oirnpliciter
822 3257 966 3318 transferre
994 3255 1123 3306 dubitauit.

162 3321 255 3386 Itaque
274 3337 318 3370 eae
336 3329 363 3372 ut
380 3332 480 3374 ceteros
498 3327 616 3388 oulpores
633 3327 746 3374 actiones
765 3326 893 3386 concepit:
912 3324 962 3370 nisi
973 3329 1054 3371 tomen
1069 3324 1124 3384 ipse

161 3404 228 3443 reus,
247 3397 273 3438 ut
291 3405 344 3438 eum
361 3393 412 3439 litio
431 3393 604 3442 aestimatione
622 3398 749 3456 operetur,
768 3393 936 3454 permitteret,
955 3391 1038 3445 ueluti,
1057 3392 1126 3453 quod

159 3455 255 3518 foetum
273 3457 446 3517 confitebatur,
469 3466 512 3508 orat
523 3459 654 3516 metuebat,
674 3475 705 3508 ne
723 3460 801 3508 iudea
817 3460 872 3508 eine
889 3458 1011 3506 eiusmodi
1028 3459 1124 3508 actoris
