2614 3960
20 815 23 818 ,
126 740 214 806 erit³

360 180 463 218 ennon.
482 181 624 236 muron.
644 181 737 219 varro.
757 169 865 218 13-17.
900 193 901 196 =
1021 133 1096 220 ἱ625
1137 213 1138 216 ,

179 321 238 393 13.
263 315 428 380 ²¹Veuditor
443 325 530 400 siper
550 323 737 380 contusionem
759 325 946 405 imaginarium
967 323 1094 380 colonum

126 409 265 482 emptoris
282 408 431 480 decipiendi
447 405 526 466 causa
541 407 693 482 subposuit,
710 425 742 466 er
759 416 850 482 empto
868 409 1013 486 tenebitur.
1045 427 1094 466 uec

126 495 232 550 idcirco
247 500 322 558 recte
338 492 505 555 defenditur.
522 495 560 557 si,
578 486 641 566 quo
654 492 953 570 faciliusvexoogitatam
974 492 1093 550 fraudem

128 581 272 640 ’retineat
288 569 336 632 ot²
348 577 483 640 colonum,
500 586 528 634 et
538 579 657 652 quinque
672 594 804 647 annorum
816 578 954 638 mercedes
970 579 999 634 iu
1015 576 1094 634 iidem

127 680 207 726 suam
227 663 354 736 recipiat:
380 655 499 736 alioquin
520 665 546 718 si.
569 663 639 719 bona
666 660 718 717 fide
739 661 848 726 locauit,
873 672 1016 738 suspectus
1037 679 1093 718 non

195 829 239 890 14.
276 821 367 904 ⁴Lege
400 831 564 888 uenditionis
591 833 710 904 inempto
737 830 847 904 praedio
874 833 960 896 iacto,
989 832 1093 890 iruotus

125 909 235 992 interea
249 912 394 989 perceptos
409 915 508 972 iudicio
525 915 629 972 uenditi
644 917 752 972 restitui
773 915 888 988 placuit,
913 919 1038 992 quoniam
1061 934 1093 972 eo

127 1003 189 1058 iure
205 1007 374 1056 contractum
389 1000 418 1055 in
434 1000 545 1056 exordio
561 1000 682 1056 uidetur:
704 1001 784 1055 sicuti
804 1002 832 1056 in
853 1003 974 1074 pecnnia,
992 1010 1093 1075 quanto

129 1087 246 1142 minoris
255 1085 378 1149 uenient,
395 1085 426 1139 ad
443 1081 512 1141 diem
527 1086 616 1157 pretio
632 1102 687 1141 non
702 1085 803 1150 soluto.
833 1085 881 1141 Cui
902 1103 957 1142 non
973 1095 1014 1142 est
1030 1104 1094 1143 con-

129 1172 244 1227 trarium
257 1165 387 1240 iudicium
402 1167 435 1225 ab
451 1168 580 1240 aedilibus
595 1171 622 1225 in
639 1169 739 1225 iactum
755 1169 788 1225 de
803 1169 980 1244 reciperando
995 1174 1092 1244 pretio,

130 1255 265 1335 mariotpto
286 1249 468 1316 'redhibito'5
489 1253 551 1328 quia
572 1253 771 1330 ’displicuisset
793 1249 999 1329 p1·opositum;⁶
1021 1256 1093 1328 qnod

129 1357 188 1396 non
204 1339 255 1394 erit
269 1337 459 1403 necessarium
475 1340 498 1394 si
513 1339 606 1395 eadem
620 1339 682 1414 lege
698 1347 866 1395 contractum
883 1339 1050 1414 ostendatur.

196 1419 239 1480 15.
263 1416 397 1479 7Fructus
411 1423 572 1497 pendentes,
588 1425 640 1479 etsi
656 1424 752 1479 maturi
767 1421 892 1487 suerunt,
915 1425 941 1480 si
960 1441 1007 1480 eos
1029 1441 1094 1482 uen-

132 1509 205 1564 ditor
230 1516 295 1581 post
320 1507 503 1564 uenditionem
530 1507 591 1564 ante
622 1508 692 1565 diem
717 1509 842 1566 soluendi
863 1509 944 1582 pretii
964 1511 1093 1584 percepit,

132 1594 248 1666 emptori
264 1592 447 1649 restituendos
464 1610 524 1649 esse
540 1595 676 1656 conuenit,
692 1595 785 1650 sinon
801 1593 881 1652 aliud,
894 1595 966 1650 iuter
986 1603 1093 1652 contra·

131 1679 228 1740 tientes
244 1675 373 1750 placuit⁸
756 1689 759 1692 ·

196 1758 239 1820 16.
265 1755 352 1818 ⁹Vino
368 1771 480 1827 mutato,
496 1763 646 1836 perieulum
662 1771 811 1838 emptorem
834 1772 952 1837 spectat,
970 1767 1092 1838 quamuis

133 1855 194 1902 aute
221 1847 291 1902 diem
312 1848 392 1919 pretii
408 1846 533 1904 soluendi
555 1848 599 1904 uel
620 1847 820 1905 ’condicionem
841 1850 984 1922 emptionis
1005 1849 1093 1922 inpie-

132 1922 221 1985 tam³⁰
242 1929 268 1985 id
290 1934 421 1988 euenerit.
450 1931 548 2006 quodsi
567 1933 629 1988 mito
654 1933 796 2006 amphoras
818 1938 893 1988 certo
908 1933 1010 2007 pretio,
1033 1950 1093 1989 cor·

132 2029 199 2086 pore
214 2029 270 2068 uon
285 2012 469 2071 demonstrato
486 2017 555 2079 uini,
572 2017 703 2080 uendidit,
720 2016 823 2072 nullum
845 2018 975 2090 emptoris
991 2018 1094 2073 interea

133 2091 285 2174 perieulum
300 2099 359 2152 erit.
840 2119 843 2121 ·

196 2177 239 2239 17.
271 2175 387 2238 ¹Euiotis
415 2177 529 2258 {agris‚²
551 2187 644 2258 quanti
671 2187 799 2260 emptoris
832 2186 1093 2262 interestfipdieio

132 2268 218 2340 empti
233 2267 266 2322 lis
282 2267 448 2325 aestimatur.
480 2269 578 2342 quodsi
599 2267 630 2324 ah
652 2271 729 2324 iuitio
751 2259 893 2336 conuenit,
918 2278 948 2334 nt
969 2270 1095 2328 uenditor

133 2452 187 2500 duc.
290 2449 322 2516 21)
343 2451 383 2514 Os.
401 2452 434 2504 L.
454 2459 486 2500 to.
506 2451 540 2500 D.
560 2453 592 2500 de
609 2458 659 2503 act.
678 2454 755 2516 empti
773 2451 820 2513 (19,
840 2451 875 2518 1),
896 2454 1096 2522 Hermopeuiani

134 2521 216 2580 Iocus,
236 2534 271 2568 ecc
289 2515 377 2570 nostro
395 2521 421 2568 io
440 2521 565 2582 epitomen
582 2519 710 2570 redarios.
779 2519 801 2586 ²)
820 2523 933 2572 retineret
955 2525 1015 2574 Vct.
1034 2526 1093 2574 edd.

134 2585 227 2636 Hoitw.
246 2586 337 2638 Mones.
374 2589 474 2637 retineat
492 2586 590 2637 Buclrlt.
626 2595 648 2636 et
667 2589 776 2638 colonum
793 2590 920 2654 intellipe:
939 2599 964 2641 et
982 2595 1094 2643 colonum

133 2667 216 2702 uerum
233 2669 297 2705 esse.
400 2653 421 2716 3)
440 2657 457 2704 i.
477 2670 499 2707 c.
517 2657 602 2718 accipi
614 2657 745 2718 fideiussio
768 2656 854 2707 oblato
876 2659 973 2708 utititer
989 2663 1093 2723 poterit.

36 2739 41 2745 ’
133 2717 153 2783 ⁴)
173 2719 213 2784 Cf.
232 2722 264 2784 L.
284 2731 303 2772 6.
323 2721 351 2786 8.
372 2724 443 2772 11].
463 2723 495 2773 de
513 2732 595 2774 contr.
615 2731 690 2788 empi.
711 2724 755 2789 (18,
774 2724 804 2785 1).
829 2727 862 2774 L.
881 2734 902 2775 4.
922 2725 950 2790 3.
970 2736 989 2777 2.
1010 2729 1043 2780 J).
1063 2730 1095 2778 de

134 2789 149 2837 i.
168 2803 251 2838 comm.
272 2788 316 2854 (18,
335 2790 367 2852 8).
437 2789 584 2854 ·”)1οάἀί111
606 2791 667 2842 Vct.
695 2794 787 2844 reddito
805 2793 926 2843 Niebuhr.
947 2801 973 2844 et
989 2797 1095 2845 oliorum

134 2855 167 2918 ej.
204 2854 259 2906 Sed
274 2860 323 2908 utut.
343 2858 376 2912 L.
396 2869 431 2914 at.
450 2861 478 2926 3.
500 2869 531 2914 u.
549 2861 583 2912 J).
604 2861 636 2910 de
654 2863 712 2912 aed.
731 2862 771 2910 ed.
793 2859 836 2922 (n,
856 2858 888 2922 1).
968 2859 990 2924 ⁶)
1010 2863 1094 2926 dispti-

135 2924 211 2974 cuissc
229 2928 368 2990 proponitur
384 2927 443 2981 Vol.
461 2930 583 2993 Plerique
600 2929 650 2992 rja
668 2929 836 2992 displicuisset,
853 2931 1000 2992 proponitur,
1018 2937 1095 2980 coiea

133 2999 190 3054 post
208 2997 353 3048 contrariom
370 2997 513 3048 inserentes
531 2995 601 3060 quod.
622 3022 653 3032 —-
674 2998 743 3062 quod
758 2997 806 3046 iud.
827 2997 856 3046 ab
874 3013 896 3046 a.
915 2998 932 3050 i.
952 2999 969 3048 i.
988 2999 1013 3048 d.
1030 3015 1051 3050 r.
1071 3015 1094 3063 p.

135 3063 370 3192 puppipptp
388 3066 583 3196 iiiiii?
600 3067 739 3196 pppn
756 3064 947 3194 mifii'i'iin
965 3142 990 3184 a
1008 3065 1093 3198 {iudi

136 3208 169 3244 ecc
185 3193 278 3246 Hottw.
297 3199 332 3260 ej,
352 3206 497 3264 transponit
519 3202 559 3253 ed.
580 3201 671 3251 Momr.
775 3198 796 3264 9)
816 3201 857 3262 Of.
874 3202 907 3250 L.
927 3211 937 3251 1
954 3218 997 3266 pr.
1021 3201 1054 3250 L.
1073 3211 1093 3256 t.

136 3257 160 3322 3.
174 3270 192 3312 t.
211 3262 244 3312 L.
259 3272 271 3312 8
282 3281 323 3326 pr.
344 3267 378 3314 1),
398 3269 430 3318 de
446 3271 527 3332 peric.
547 3275 572 3317 et
589 3284 673 3320 comm.
689 3265 735 3332 (18,
747 3267 780 3330 6).
799 3270 831 3320 L.
846 3278 866 3320 2.
887 3267 914 3318 C.
934 3270 990 3318 eod.
1006 3267 1093 3334 (4,18).

136 3326 167 3392 ³⁰)
190 3329 236 3378 Eur
251 3329 327 3384 Mati·
348 3335 383 3396 ej.
420 3337 562 3386 condicione
585 3337 710 3400 emptionis
733 3336 829 3400 impleta
857 3336 917 3387 Vut.
941 3337 981 3387 cd.
1000 3335 1094 3389 Hottw.

102 3404 108 3412 ’
137 3393 155 3459 ¹)
174 3397 223 3446 itit
241 3399 273 3449 L.
292 3407 316 3448 18
332 3416 375 3464 pr.
394 3403 427 3451 I).
447 3404 478 3452 de
496 3418 564 3455 usur.
585 3399 629 3464 (22,
649 3404 680 3462 1),
699 3405 762 3454 maie
779 3405 815 3452 itt
831 3403 922 3453 Paullo
941 3399 1001 3472 (pro
1015 3403 1094 3468 Papi·

136 3465 221 3526 niano)
241 3466 343 3517 tributa.
413 3467 434 3532 ²)
454 3471 513 3534 Dip.
549 3472 617 3530 agnis
638 3471 699 3542 Vct,
719 3473 759 3523 ed.
779 3466 872 3523 Hollw.

168 3581 290 3620 rvursetr.
309 3583 405 3620 enarr.
425 3585 486 3618 aon.
514 3585 560 3620 en,
580 3585 612 3625 11.
851 3558 892 3616 40
