2634 3966
180 191 181 196 ’
218 199 266 246 158
513 211 577 244 nmo
599 211 703 244 assum.
724 198 752 247 ΙΙ.
772 198 882 248 53-59.

97 411 98 414 ,
216 353 317 410 herede
340 361 462 409 uocatur.
504 348 555 410 58.
577 351 613 408 m
632 355 660 407 iu
684 361 788 409 tantum
813 354 879 408 haec
905 353 1036 426 usucapio
1057 369 1186 409 concessa

165 442 275 498 esest.
294 432 298 514 t
317 446 347 492 ut
368 445 395 494 et
415 453 473 498 res.
501 453 569 510 quae
590 436 651 492 solo
673 438 861 509 eontinentur.
888 453 958 492 arum
983 439 1183 511 usucapiantur.

104 531 113 542 ²
216 519 264 579 54.
290 519 376 589 Quare
392 529 481 576 autem
502 523 582 577 etiam
604 521 657 576 hoc
677 537 739 577 casu
761 521 813 576 soii
828 537 918 576 rerum
934 537 1021 577 annua
1036 523 1185 580 constituta
1273 552 1276 563 v

127 607 128 610 ’
217 609 252 663 sit
274 607 416 680 usucapio,
438 605 485 661 iila
501 609 573 662 ratio
595 615 652 667 est.
676 606 749 679 quod
766 607 829 661 olim
851 621 941 660 rerum
964 607 1185 664 hereditariamm

216 693 392 765 possessione
404 693 483 746 uelut
493 693 567 764 ipsae
580 690 742 746 hereditates
755 692 865 763 usucapi
877 690 1064 751 credebantur,
1081 692 1185 748 scilieet
1273 705 1276 712 ·

217 791 303 832 enno:
320 775 362 830 ier
379 777 448 830 enim
463 791 510 832 xm
526 775 677 831 tabularum
693 775 744 830 soii
761 775 868 850 quidem
889 792 932 830 res
948 774 1056 831 biennio
1072 779 1184 849 usucapi

216 861 304 920 iussit.
321 867 423 916 ceteras
437 875 506 916 ‘uero
523 875 607 914 antro:
624 875 690 932 ergo
707 859 841 914 hereditas
854 861 884 915 iu
900 862 996 916 ceteris
1012 860 1093 916 rebus
1111 860 1185 916 uide·

216 945 295 1000 hatur
314 961 387 1005 esse,
411 945 473 1018 quia
498 943 549 1000 soii
571 959 626 1000 uon
643 953 698 1005 est,
716 947 777 1017 quia
793 960 882 1017 neque
898 945 1046 1017 corporalis
1061 953 1118 1000 est:
1135 943 1184 1018 (et)

217 1030 338 1103 quamuis
360 1037 456 1102 postea
476 1029 608 1086 creditum
629 1031 679 1089 sit,
706 1027 777 1101 ipsas'
801 1029 968 1084 hereditates
997 1031 1106 1103 usucapi
1128 1045 1183 1085 non
1273 1054 1279 1065 ⁴

216 1131 311 1188 posse.
335 1123 423 1170 tamen
446 1116 473 1169 iu
490 1113 613 1170 omnibus
630 1112 710 1169 reims
727 1113 907 1176 hereditariis,
931 1115 1010 1168 etiam
1032 1130 1100 1186 quae
1122 1115 1182 1170 solo
1273 1150 1278 1159 -

133 1253 135 1256 .
215 1207 353 1266 tenentur,
370 1200 601 1271 annuausucapio
617 1200 755 1254 remansit.
794 1193 840 1254 55.
861 1197 951 1265 vQuare
967 1206 1056 1253 autem
1073 1200 1185 1254 omnino
1273 1229 1276 1241 ·

216 1293 268 1339 taur
284 1281 396 1358 Inproba
411 1285 550 1356 possessio
566 1290 593 1338 et
608 1284 737 1355 usucapio
753 1299 881 1338 concessa
901 1285 951 1345 sit,
973 1283 1019 1338 ilia
1040 1285 1108 1340 ratio
1131 1292 1182 1344 est,

216 1368 291 1442 quod
312 1368 460 1424 uoluerunt
480 1375 587 1422 ueteres
608 1368 739 1422 maturius
755 1367 917 1423 hereditates
934 1367 1012 1428 adiri,
1037 1378 1066 1423 ut
1082 1377 1183 1430 essent,

216 1454 262 1525 qui
277 1469 353 1508 sacra
369 1452 496 1513 iacerent,
513 1468 629 1524 quorum
645 1451 697 1507 iltis
714 1450 881 1525 temporibus
903 1469 1006 1508 summa
1028 1452 1183 1508 obseruatio

215 1537 281 1598 fuit,
304 1546 331 1593 et
354 1545 383 1591 ut
397 1536 545 1592 creditores
569 1535 714 1598 habereut,
737 1554 821 1608 aquo
838 1553 915 1594 suum
938 1545 1182 1610 consequerentur.

215 1617 262 1678 56.
287 1619 359 1676 Haec
373 1628 463 1676 autem
484 1622 588 1694 speeies
610 1622 793 1693 possessionis
815 1629 842 1675 et
858 1623 1029 1694 usucapionis
1046 1623 1125 1678 etiam
1141 1622 1184 1677 lu-

215 1708 317 1761 cratiua
338 1714 465 1761 uocatur:
492 1721 553 1760 tram
573 1707 660 1761 sciens
683 1707 797 1780 quisque
819 1722 874 1760 rem
901 1707 1012 1761 alienam
1039 1706 1183 1762 lucrifacit.

214 1787 259 1847 5⁷.
284 1789 337 1846 Sed
352 1791 405 1846 hoc
423 1799 544 1863 tempore
559 1783 656 1844 ’iam39
669 1807 724 1845 nou
740 1798 782 1845 est
797 1790 940 1846 lucratiua:
956 1807 1016 1845 nam
1029 1809 1061 1846 ex
1076 1792 1184 1847 ’aueto-

215 1877 294 1931 ritate
315 1867 409 1931 diui4⁰
429 1874 554 1932 Hadriani
575 1876 842 1930 senatusconsultum
865 1875 964 1930 iactum
986 1884 1040 1938 est,
1064 1885 1094 1931 ut
1115 1875 1183 1931 tales

215 1961 394 2032 usucapiones
410 1967 619 2022 reuocarentur;
637 1968 664 2015 et
679 1960 740 2015 ideo
756 1967 848 2032 potest
860 1961 939 2015 heres
955 1959 986 2014 ab
1004 1976 1046 2021 eo,
1063 1962 1196 2035 quirem·
1219 2030 1221 2038 y
1274 2015 1279 2023 ,

22 2093 53 2120 ,4
215 2046 353 2118 usucepit,
376 2045 552 2100 hereditatem
567 2045 685 2118 petendo
702 2044 813 2118 perinde
830 2061 886 2100 eam
902 2061 958 2100 rem
975 2047 1121 2118 consequi.
1144 2052 1184 2099 at·
1273 2077 1278 2087 ·

136 2127 269 2203 ‘68.que
285 2131 306 2185 si
322 2138 452 2203 usucapta
466 2147 522 2186 non
538 2139 620 2186 esset.
666 2127 713 2203 58.
738 2128 771 2185 Et
788 2124 792 2206 t
809 2131 962 2185 necessario
979 2137 1067 2186 tamen
1084 2129 1184 2186 herede
1262 2141 1281 2206 Ιξ

36 2207 54 2246 ‘²'
76 2211 78 2214 ’
216 2223 324 2270 extante
338 2217 400 2288 ipso
416 2216 474 2269 iure
489 2232 540 2288 pro
557 2215 656 2270 herede
672 2215 782 2287 usucapi
797 2223 898 2287 potest.
927 2210 976 2270 59.
997 2215 1090 2270 Adhuc
1102 2215 1183 2269 etiam
1273 2215 1277 2224 ’

215 2316 247 2354 ex
268 2299 326 2354 aliis
348 2301 435 2356 causis
457 2301 545 2355 sciens
569 2301 684 2372 quisque
699 2315 755 2354 rem
772 2300 884 2355 alienam
902 2300 1037 2371 usucapita
1059 2299 1181 2370 namqui

214 2400 271 2438 rom
288 2383 366 2438 elicui
382 2381 494 2438 fiduciae
510 2400 588 2438 causa
605 2385 737 2456 mancipio
752 2383 857 2438 dederit
876 2384 920 2439 uel
938 2385 965 2438 iu
983 2385 1041 2437 iure
1058 2381 1181 2442 cesserit,

215 2469 238 2522 si
259 2467 370 2522 eandem
398 2469 457 2539 ipse
477 2468 644 2540 possederit,
666 2475 758 2540 potest
786 2485 949 2541 usucapere,
976 2481 1045 2522 anuo
1066 2465 1182 2528 scilicet,

215 2550 322 2623 (etiam)
345 2551 397 2606 soli
419 2553 441 2606 si
463 2554 507 2606 sit.
540 2569 607 2626 quae
634 2553 737 2625 species
765 2555 935 2626 usucapionis
962 2552 1060 2607 dicitur
1087 2568 1182 2606 usuro·

119 2793 131 2805 ν
215 2768 562 2832 [amaedeutectmeopn'or.
609 2735 841 2830 ³⁹)aia1n0.aaa.
872 2769 912 2830 Cf.
925 2769 1048 2818 Zeitselrr.
1060 2770 1082 2830 f.
1095 2768 1181 2832 pesele.

34 2883 49 2896 p„
214 2835 285 2885 JrW.
312 2835 392 2887 XIV.
414 2852 442 2898 p.
459 2845 505 2884 216.
558 2833 590 2898 ⁴⁰)
616 2837 796 2884 haustoritotem
823 2835 850 2887 0.
881 2839 1020 2885 auctoritate
1044 2837 1103 2886 edd.
1139 2834 1181 2897 Cf.

214 3024 246 3072 l..
259 3031 291 3070 et).
311 3025 343 3070 I).
357 3026 389 3072 de
401 3038 489 3087 ostorp.
504 3023 545 3084 (tt,
559 3021 591 3086 3).
611 3024 677 3075 Ptin.
697 3039 736 3086 ep.
751 3034 770 3078 a,
787 3033 803 3070 t.
823 3021 850 3085 S.
867 3033 895 3072 ta.
965 3018 1008 3089 ἓξ.
1022 3024 1064 3074 53.
1077 3021 1119 3071 54.
1141 3021 1182 3082 Cf.

216 3090 265 3141 Uir.
281 3105 332 3154 pro
344 3091 438 3140 Flacco
451 3099 483 3138 34.
503 3092 539 3139 ad
550 3091 630 3141 Ante.
645 3101 663 3146 t,
676 3102 696 3139 a.
715 3089 742 3154 3.
756 3099 776 3141 o.
796 3090 885 3141 Senec.
903 3092 936 3138 de
948 3089 1032 3153 bereti
1046 3099 1065 3144 o,
1079 3100 1099 3138 5.
1115 3087 1142 3152 S.
1159 3100 1179 3136 3.

214 3158 339 3222 -sopra
356 3161 391 3208 ad
409 3157 537 3221 §.tacit
619 3155 644 3224 ᾗ.
659 3160 699 3208 55.
726 3159 765 3220 Cf.
786 3158 836 3207 Gt'e.
851 3159 882 3206 de
900 3157 973 3221 tepida.
987 3167 1007 3217 2,
1023 3167 1112 3220 resep.
1129 3171 1182 3220 pro

213 3226 283 3280 Mur.
298 3237 330 3278 12.
350 3225 419 3276 Fest.
433 3244 455 3277 v.
469 3227 630 3290 Relipiosum.
650 3225 740 3276 Socer.
754 3228 826 3274 Paul.
839 3233 860 3282 i,
873 3234 893 3274 3.
908 3224 935 3289 S.
949 3234 970 3276 3.
1038 3222 1065 3291 ξ.
1078 3225 1119 3273 56.
1138 3222 1179 3285 Cf.

213 3295 246 3346 J..
259 3305 293 3343 n.
311 3293 338 3358 3.
354 3305 372 3342 t.
390 3295 425 3345 J).
443 3296 475 3343 de
489 3294 554 3356 fort.
573 3293 620 3357 (ar,
637 3292 669 3358 2).
693 3295 725 3347 l..
739 3304 760 3345 a.
778 3291 805 3356 3.
820 3304 840 3342 a.
857 3294 891 3341 D.
907 3309 958 3357 pro
977 3294 1072 3341 herede
1090 3291 1132 3352 (n,
1147 3289 1181 3353 s).

213 3363 244 3410 L.
259 3371 292 3414 33.
310 3361 337 3426 S.
353 3373 372 3414 t.
390 3363 421 3411 Ι).
436 3365 467 3411 de
484 3377 572 3426 rtaurp.
593 3359 641 3423 (at.
654 3361 686 3426 3).
768 3355 792 3427 ξ.
807 3363 849 3411 57.
869 3360 909 3423 Cf.
923 3361 955 3412 l..
972 3372 978 3409 t
993 3377 1034 3423 pr.
1054 3360 1087 3410 1).
1106 3374 1180 3424 quor.

213 3429 269 3480 bon.
291 3429 338 3492 (aa,
358 3429 392 3492 2).
462 3425 487 3496 ξ.
508 3431 549 3480 58.
576 3429 617 3492 Cf.
634 3439 659 3487 a,
673 3439 720 3478 aot.
740 3430 772 3478 Ι..
791 3438 811 3478 r.
832 3429 858 3480 G.
874 3445 925 3492 pro
942 3429 997 3478 aar.
1015 3428 1052 3489 (a,
1065 3426 1111 3487 ee),

212 3494 255 3564 ἐξ.
269 3501 310 3548 59.
324 3499 367 3548 60.
393 3497 430 3560 Cf.
448 3498 542 3548 noeto.
561 3500 585 3545 ia
607 3497 671 3560 Tap.
691 3507 719 3544 ttt.
737 3513 765 3560 p.
778 3505 816 3544 ato
833 3495 905 3545 Bait.
936 3496 1033 3545 Isider.
1047 3494 1090 3544 Or.
1104 3505 1130 3555 a,
1144 3503 1179 3543 τι.
