2634 3966
174 151 208 200 94
615 164 707 200 csrvs.

175 315 264 364 neque
284 315 417 365 respousa
434 299 524 350 dando
537 301 605 350 iuris
619 305 716 350 auctor
728 301 839 352 habitus
853 305 896 351 est
907 317 996 368 neque
1008 303 1037 352 in
1049 311 1143 370 poste-

175 371 276 418 riorum
295 368 373 418 libris
383 367 540 420 laudatus?
576 369 654 430 Quod
673 369 697 418 is
716 369 835 434 quidem,
854 369 879 419 si
896 371 1012 436 mortuis
1029 387 1074 422 res
1093 373 1142 423 hu-

174 451 272 486 manas
291 435 383 486 datum
402 440 477 486 esset
494 436 606 499 sentire,
627 451 714 503 aequo
733 435 825 488 animo
843 443 954 502 poterat
972 438 1052 491 ferre.
1070 441 1142 491 Nam

176 507 350 567 quotcunque
368 505 437 553 iuris
456 508 584 555 auctores
602 509 702 570 postea
720 505 805 555 etiam
817 506 1010 556 Institutionee
1023 509 1142 573 scripse·

174 576 252 634 runt,
280 570 357 622 velut
380 571 573 637 Callistratus,
602 573 769 633 Martianus,
797 572 989 635 Florentium,
1017 575 1141 636 Paullus,

174 640 326 704 Ulpianus,
350 654 429 689 nemo
454 654 547 689 eorum
570 640 605 690 ad
623 639 792 690 Gaianarum
815 639 924 690 laudem
949 642 1085 706 aspiravit
1103 644 1142 694 lo-

174 723 252 769 cove,
271 721 350 772 quem
367 707 397 756 in
414 707 518 757 scholis
536 707 724 770 obtinuerunt,
743 708 891 758 deturbare
910 723 958 758 ess
977 709 1075 760 valuit.
1103 713 1143 764 At

174 775 260 825 Gaius
278 777 341 839 post
358 775 467 839 aliquot
484 775 580 825 secula
598 779 742 825 assecutus
756 780 807 834 est,
823 779 855 824 ut
867 776 927 825 eius
939 775 1013 838 libri,
1025 779 1142 842 primum

173 843 225 900 illi,
245 842 339 907 quiin
357 842 462 892 scholis
480 844 688 904 tractabantur,
706 843 843 892 bominum
863 843 959 894 lavore
978 849 1007 894 et
1026 859 1141 895 cousue-

172 910 278 972 tudine,
297 908 397 959 deinde
417 910 501 960 etiam
525 911 614 960 ceteri
637 925 732 960 omnes
755 910 818 975 lege
841 909 900 960 lata
918 911 1034 962 eandem
1053 914 1082 962 in
1099 913 1140 962 iu-

173 978 255 1026 diciis
274 980 472 1028 auctoritatem
490 979 659 1040 obtinerent,
680 992 751 1042 quae
769 978 939 1042 Papiniano,
962 979 1074 1042 Paullo,
1093 980 1141 1030 Ul-

172 1045 255 1109 piano
274 1045 330 1094 iam
349 1050 433 1095 antea
452 1047 643 1111 competierat.
672 1046 743 1095 Nam
760 1044 974 1096 Valentinianus
993 1048 1025 1098 L.
1044 1051 1069 1098 3.
1089 1047 1139 1096 Th.

173 1113 203 1161 C.
223 1113 255 1162 de
275 1127 346 1176 resp.
365 1114 443 1177 prud.
464 1113 500 1176 (1,
519 1112 546 1178 4)
566 1127 628 1166 curn
648 1115 701 1172 ait,
720 1128 750 1162 so
769 1114 927 1177 Papiniani,
946 1114 1047 1177 Paulli,
1068 1115 1139 1175 Gaii,

172 1180 288 1244 Ulpiani
311 1185 393 1243 atque
415 1181 565 1230 Modestini
587 1182 696 1245 scripta
719 1180 851 1231 universa
879 1180 1001 1246 firmare,
1030 1183 1087 1232 ‘ita
1109 1188 1141 1231 ut

174 1247 287 1310 Gaium,
315 1263 386 1313 quae
409 1247 538 1316 Papllum
565 1252 593 1298 et
615 1248 767 1313 Ulpianum
793 1253 822 1298 et
848 1252 966 1298 cunctos
994 1251 1139 1300 comitetur

173 1317 326 1365 auctoritas
350 1315 540 1380 lectionesque
566 1317 695 1379 exomni
715 1317 773 1366 eius
791 1331 875 1381 opere
893 1318 1065 1374 recitentur',
1084 1332 1139 1366 non

172 1383 287 1433 obscure
310 1382 461 1446 significat,
486 1383 622 1449 quaedam
644 1383 709 1434 Gaii
730 1385 838 1448 scripta
860 1385 917 1434 iam
942 1389 1009 1434 tunc
1036 1399 1138 1437 summo

172 1450 264 1500 studio
287 1455 315 1500 et
337 1450 495 1502 indubitata
520 1452 687 1502 auctoritate
710 1452 825 1501 recitari
847 1451 934 1502 solita
952 1467 1028 1515 esse,
1052 1468 1139 1517 eaque

173 1519 233 1580 quis
257 1516 366 1566 dubitat
389 1521 500 1584 praeter
524 1534 568 1568 res
592 1519 783 1584 quotidianas,
808 1533 879 1582 quae
903 1523 981 1570 tauto
1004 1521 1033 1569 in
1050 1522 1139 1585 pretio

172 1585 358 1643 habebantur,
389 1589 420 1634 ut
446 1600 589 1646 aureorum
618 1602 719 1636 nomen
747 1592 898 1648 mererent,
930 1587 1017 1637 fuisse
1047 1591 1139 1638 omnia

172 1652 362 1702 scholastica?
385 1653 456 1716 quod
475 1655 558 1704 etiam
577 1653 697 1704 Collatio
717 1654 873 1717 confirmat,
892 1654 985 1718 paullo
1005 1661 1084 1720 ante,
1108 1660 1139 1704 ut

173 1720 297 1778 videtur,
329 1721 492 1785 composita,
522 1722 600 1771 cuius
631 1727 728 1772 auctor
761 1723 834 1773 inter
863 1723 983 1785 quinque
1014 1723 1137 1773 illustres

172 1788 257 1836 etiam
277 1788 341 1838 Gaii
364 1789 489 1852 scriptis,
513 1790 561 1838 sed
585 1795 679 1839 tamen
702 1793 808 1839 tautum
830 1789 1053 1839 Institutionibus
1078 1791 1137 1839 eius

171 1869 236 1904 usus
254 1860 305 1905 est.

239 1955 292 2006 Sed
310 1957 339 2006 in
357 1956 400 2006 his
418 1956 501 2020 ipsis,
527 1972 596 2022 quus
619 1958 737 2020 edimus,
762 1964 792 2006 ut
810 1973 881 2007 nunc
899 1957 992 2023 paullo
1012 1958 1136 2008 immore-

171 2039 245 2087 mur,
264 2027 323 2074 iure
348 2025 463 2083 dixeris,
487 2024 702 2089 praeclariorem
726 2026 760 2074 de
779 2027 837 2074 iure
857 2026 935 2077 civili
953 2026 1051 2076 librum
1069 2041 1137 2076 nun·

171 2107 252 2153 quam
270 2093 402 2156 scriptum
426 2091 528 2155 fuisse,
552 2095 611 2142 sive
634 2092 739 2144 dotium
763 2093 822 2142 eius
846 2094 1053 2156 excellentiam,
1077 2096 1137 2144 sive

170 2159 313 2210 mirificam
332 2161 437 2209 fructus
456 2161 611 2210 ubertatem
636 2168 663 2210 et
685 2162 804 2210 fatorum
827 2159 995 2211 felicitatem
1017 2167 1137 2227 spectes.

169 2228 349 2277 Praestantia
368 2228 433 2276 libri
451 2230 601 2292 praecipue
620 2228 662 2278 his
680 2229 763 2278 rebus
782 2229 963 2293 conspicitur:
982 2230 1055 2292 quod
1073 2245 1136 2293 non,

169 2299 199 2342 ut
218 2295 373 2360 superiores
390 2295 455 2344 libri
473 2310 577 2358 omnes,
596 2311 679 2345 unam
698 2295 850 2346 alteramve
873 2295 940 2346 iuris
964 2297 1056 2346 civilis
1075 2313 1136 2362 par-

168 2366 232 2422 tem,
253 2364 302 2412 sed
320 2377 427 2423 revera,
445 2367 475 2410 ut
492 2364 658 2413 Lactantius
676 2365 700 2425 5,
718 2365 743 2416 4.
762 2363 786 2423 ἓ,
800 2365 824 2413 3.
845 2379 862 2412 a
880 2364 1033 2428 quibusque
1052 2364 1136 2414 Insti-

169 2430 321 2479 tutionibus
341 2430 442 2492 exegit,
463 2431 565 2479 ‘totius
579 2431 919 2495 doctrinaesubstantiam
938 2433 1087 2492 coutinet’,
1108 2436 1136 2482 et

169 2498 228 2546 eius
247 2498 356 2560 quidem
373 2497 449 2557 iuris,
470 2511 523 2558 quo
541 2501 598 2546 tum
616 2499 760 2562 imperium
773 2498 925 2548 Romanum
942 2498 1081 2560 utebatur,
1101 2500 1135 2550 de

169 2580 220 2626 quo
244 2565 299 2614 iam
322 2564 392 2626 dixi,
415 2564 600 2614 substantiam
623 2582 688 2616 vero
706 2567 748 2616 ita
767 2565 930 2616 felicissime
950 2567 1134 2630 enucleatam,

168 2638 197 2679 ut
217 2632 305 2682 adhuc
323 2632 400 2681 rudis
422 2631 520 2681 tironis
545 2634 651 2682 animus
675 2649 728 2682 nec
751 2634 845 2684 ieiuna
869 2634 995 2684 exilitate
1014 2633 1134 2684 deterre·

167 2705 256 2762 retur,
285 2716 337 2750 nec
361 2699 449 2749 otiosa
473 2701 553 2763 copia
577 2702 785 2765 opprimeretur.
827 2702 935 2750 Deinde
963 2701 1035 2765 quod
1062 2703 1135 2752 hanc

167 2769 256 2830 ipsam
275 2767 461 2817 substantiam
479 2766 641 2832 dispositam
660 2769 746 2819 habet
764 2782 820 2818 non
832 2769 912 2818 modo
932 2774 995 2834 apte
1016 2775 1044 2819 et
1062 2786 1136 2820 com-

167 2835 245 2885 mode
265 2837 386 2896 omnino,
412 2834 461 2886 sed
479 2839 518 2898 ut,
537 2836 560 2884 si
579 2851 712 2886 summam
730 2841 855 2901 spectas,
880 2837 956 2886 nulla
975 2837 1032 2886 alia
1053 2853 1086 2887 ex
1104 2854 1133 2888 re

166 2903 228 2964 ipsa
245 2905 335 2968 petita
349 2903 446 2953 divisio
458 2902 580 2953 inveniri
598 2919 677 2968 posse
696 2903 837 2955 videatur:
858 2905 885 2952 id
904 2904 984 2968 quod,
999 2919 1060 2953 cum
1074 2906 1132 2954 fon·

166 3039 261 3102 populi
277 3040 354 3088 Rom.
374 3038 591 3103 iurisprudentia
609 3044 721 3088 retenta
739 3040 790 3102 sit,
814 3040 932 3088 maxime
952 3039 1027 3088 cadit
1044 3040 1072 3086 in
1093 3038 1133 3088 al-

165 3115 252 3154 teram
270 3106 347 3156 illam
367 3110 395 3155 et
413 3107 496 3170 plane
516 3123 615 3157 novam
639 3108 726 3170 ipsius
745 3108 812 3156 iuris
830 3107 933 3171 privati
952 3107 981 3154 in
999 3107 1041 3156 ius
1061 3107 1132 3171 quod

165 3173 198 3222 ad
218 3189 349 3239 personas
374 3175 431 3236 (lib.
451 3175 500 3238 1.),
520 3175 590 3239 quod
610 3177 644 3226 ab
664 3191 707 3226 res
727 3175 786 3236 (lib.
805 3175 841 3226 II.
859 3174 939 3238 HL),
960 3177 1077 3238 siquod
1097 3175 1133 3224 ad

166 3244 290 3292 actiones
308 3243 430 3307 pertinet
453 3240 512 3305 (lib.
532 3243 590 3306 IV.)
610 3244 782 3296 divisionem.
818 3243 888 3293 Nam
912 3257 974 3292 cum
993 3258 1071 3294 omne
1090 3244 1134 3292 ius

164 3312 265 3374 partim
283 3312 359 3361 inse
378 3311 438 3375 ipso
457 3326 506 3375 per
524 3326 554 3360 se
573 3316 714 3376 spectato,
739 3312 840 3375 partim
865 3311 894 3360 in
917 3312 976 3363 iure
1001 3313 1133 3362 adversus

165 3380 292 3428 iniuriam
316 3378 466 3430 obtinendo
490 3379 637 3440 consistat,
661 3381 805 3445 ipsumque
828 3379 871 3428 ius
895 3394 988 3430 rursus
1008 3384 1055 3430 aut
1072 3395 1132 3444 per-

165 3462 246 3496 sonas
266 3453 313 3498 aut
331 3462 385 3511 res,
404 3463 475 3511 quae
495 3449 620 3512 personis
639 3447 803 3507 inserviunt,
824 3447 1023 3512 apprehendat,
1038 3450 1132 3498 addito
