2588 3954
212 163 262 198 xiv
615 160 781 201 Pescennio.

214 319 280 377 quas
304 302 390 360 debeo
411 302 575 359 doctissimis
597 305 675 384 viris,
697 303 798 378 quide
821 305 913 377 priore
934 304 1059 362 editione,
1074 303 1181 378 publice

161 383 164 390 “
211 404 368 462 retulerunt
382 413 410 461 et
425 404 624 468 iudicaverunt,
640 405 719 462 ldart.
737 405 848 462 llertrio
863 407 892 462 in
903 404 1068 462 Fleckeiseni
1084 406 1179 462 Annal.

211 505 308 579 partor.
327 505 418 564 men.
435 524 463 581 p.
480 506 617 565 to-ae.
640 485 743 562 aseer.
756 505 818 562 ru.
835 506 949 581 raanan
963 509 990 562 n
1006 506 1101 562 annu.
1118 506 1181 562 rna

211 607 282 664 delb.
302 607 393 665 1862.
415 626 442 683 p.
468 607 643 666 130-144.
661 616 695 663 et
715 609 745 663 d.
768 605 936 664 thelohdio
956 609 983 663 in
1004 607 1114 682 Epirem.
1137 608 1178 664 lit.

212 707 334 783 Gotting.
349 707 440 766 1863.
457 727 485 784 p.
501 709 591 766 1128.
607 689 826 768 naa-4162).
850 709 930 772 Alias.
943 725 1010 783 quaa
1022 709 1180 782 quotidiana

210 809 292 865 lectio
313 809 357 868 vel
376 809 516 866 meditatio
539 809 651 873 obtulit,
674 825 768 865 omues
790 812 880 884 operis
901 818 992 884 partes
1013 811 1113 884 passim
1133 827 1179 866 ea·

210 919 303 984 pentae
329 900 402 968 sunt.
451 911 505 967 Sed
531 919 559 967 et
591 913 742 986 integrum
756 925 851 968 novae·
867 913 1034 970 recensionis
1060 911 1179 967 laborem

210 1011 376 1085 impenditis
391 994 528 1086 partibus,
545 1029 614 1087 quae
636 1021 666 1068 ut
688 1021 761 1069 totae
781 1022 1008 1077 retractarentur,
1031 1029 1101 1070 nova
1115 1013 1179 1069 sulr·

210 1113 278 1172 sidia
293 1112 325 1170 alr
341 1113 398 1169 aliis
413 1115 521 1170 interim
544 1114 715 1189 suppeditata
735 1130 846 1171 monere
865 1113 1035 1171 videbantur.
1068 1114 1105 1170 lle
1120 1115 1180 1188 qui-

193 1213 261 1270 ·bus
277 1214 310 1270 ad
324 1215 446 1290 singulas
462 1225 567 1289 partes,
585 1231 650 1290 quaa
671 1217 708 1272 ita
728 1218 886 1279 retractavi,
903 1217 1037 1272 Valerium
1051 1214 1178 1280 Probum,
1274 1271 1276 1278 ,

211 1315 304 1372 Gaium
319 1325 348 1373 et
362 1317 544 1392 lragmentum
559 1317 633 1392 quod
648 1327 760 1374 vocatur
775 1318 808 1374 de
822 1319 883 1374 iure
899 1315 971 1382 fisci,
988 1318 1155 1392 praemonui.

275 1417 392 1474 'landem
407 1419 470 1475 huic
484 1419 597 1475 editioni
612 1420 752 1482 accedunt,
769 1435 839 1493 qnos
854 1421 882 1476 in
896 1421 995 1492 prioris
1009 1417 1179 1492 praefatione

210 1518 348 1594 pollicitus
369 1517 441 1575 eram
464 1534 588 1594 quosque
609 1521 718 1576 interim
740 1521 788 1576 riri
810 1509 1178 1592 docti'lterumitcrunrque
1281 1555 1282 1564 2

210 1621 446 1686 desideraverunt,
463 1621 581 1684 indices,
603 1629 634 1676 ut
649 1623 707 1694 ipse
722 1622 890 1678 existimaret
906 1619 973 1678 alioa
988 1621 1092 1693 peritos
1108 1617 1184 1704 iudi--

209 1731 320 1778 cataros
335 1736 395 1777 esse
411 1739 500 1796 spero,
518 1724 597 1780 etiem
613 1723 689 1786 tales,
706 1721 799 1796 quales
815 1720 954 1796 pollicitus
970 1735 1050 1782 eram,
1067 1718 1177 1774 ‘uberes
1281 1747 1282 1756 κ

211 1831 238 1882 et
253 1832 314 1898 apte
328 1824 472 1880 instituti'.
496 1823 549 1880 Sed
564 1825 628 1880 huic
643 1825 733 1897 operis
749 1825 838 1880 verius
856 1823 1004 1880 accessioni
1016 1837 1096 1894 quam
1107 1820 1178 1893 parti

210 1924 314 1982 alleral.
328 1924 448 1982 Fabricio
464 1933 563 2000 rogatu
578 1933 605 1982 et
621 1927 718 2000 partim
730 1927 808 1982 etiam
821 1923 951 1981 arbitratu
962 1939 1022 1980 meo
1035 1928 1177 1996 susceptae

190 2036 238 2084 ,et
252 2027 303 2084 iam
319 2023 457 2086 absolutae
472 2044 533 2084 cum
548 2028 722 2103 peculiariter
741 2027 877 2101 praelatus
898 2027 962 2090 sim,
986 2024 1039 2080 hoc
1060 2023 1122 2080 loco
1143 2021 1177 2078 de

211 2145 241 2184 ea
256 2131 394 2186 monuisse
407 2145 519 2203 eamque
529 2131 572 2194 iis.
585 2145 701 2203 quorum
712 2131 836 2193 interest,
850 2127 1053 2185 commendasse
1065 2122 1175 2181 suffieit.

273 2297 331 2354 Ser.
348 2299 518 2355 Vratislaviae
534 2316 569 2354 m.
587 2300 673 2372 Aprili
689 2313 916 2358 oromcocnxvn
