<?xml version="1.0" encoding="UTF-8"?>
<!DOCTYPE html PUBLIC "-//W3C//DTD XHTML 1.0 Transitional//EN"
    "http://www.w3.org/TR/xhtml1/DTD/xhtml1-transitional.dtd">
<html xmlns="http://www.w3.org/1999/xhtml" xml:lang="en" lang="en">
 <head>
  <title>
</title>
<meta http-equiv="Content-Type" content="text/html;charset=utf-8" />
  <meta name='ocr-system' content='tesseract 3.04.00' />
  <meta name='ocr-capabilities' content='ocr_page ocr_carea ocr_par ocr_line ocrx_word'/>
</head>
<body>
  <div class='ocr_page' id='page_1' title='image "./ivrisprvdentiae01huscgoog_0661.png"; bbox 0 0 2614 3960; ppageno 0'>
   <div class='ocr_carea' id='block_1_1' title="bbox 348 196 1084 274">
    <p class='ocr_par' dir='ltr' id='par_1_1' title="bbox 348 196 1084 274">
     <span class='ocr_line' id='line_1_1' title="bbox 348 196 1084 274; baseline -0.001 -28"><span class='ocrx_word' id='word_1_1' title='bbox 348 211 451 250; x_wconf 74' lang='lat' dir='ltr'><strong>ruram.</strong></span> <span class='ocrx_word' id='word_1_2' title='bbox 471 211 526 246; x_wconf 76' lang='lat' dir='ltr'><strong>rvr.</strong></span> <span class='ocrx_word' id='word_1_3' title='bbox 547 209 613 274; x_wconf 66' lang='lat' dir='ltr'><strong>rou.</strong></span> <span class='ocrx_word' id='word_1_4' title='bbox 632 208 725 270; x_wconf 45' lang='lat' dir='ltr'><strong><em>verret</em></strong></span> <span class='ocrx_word' id='word_1_5' title='bbox 745 196 854 248; x_wconf 75' lang='lat' dir='ltr'><strong><em>&lt;ti-69.</em></strong></span> <span class='ocrx_word' id='word_1_6' title='bbox 1035 196 1084 245; x_wconf 81' lang='grc'><strong><em>641</em></strong></span> 
     </span>
    </p>
   </div>
   <div class='ocr_carea' id='block_1_2' title="bbox 111 353 1145 1184">
    <p class='ocr_par' dir='ltr' id='par_1_2' title="bbox 111 353 1145 1184">
     <span class='ocr_line' id='line_1_2' title="bbox 111 353 1084 426; baseline -0.004 -14"><span class='ocrx_word' id='word_1_7' title='bbox 111 354 316 412; x_wconf 71' lang='lat' dir='ltr'><strong>usumfructum</strong></span> <span class='ocrx_word' id='word_1_8' title='bbox 336 368 418 426; x_wconf 88' lang='lat' dir='ltr'><strong><em>passe</em></strong></span> <span class='ocrx_word' id='word_1_9' title='bbox 439 353 535 426; x_wconf 82' lang='lat' dir='ltr'><strong><em>legari,</em></strong></span> <span class='ocrx_word' id='word_1_10' title='bbox 558 356 615 408; x_wconf 90' lang='lat' dir='ltr'><strong><em>nisi</em></strong></span> <span class='ocrx_word' id='word_1_11' title='bbox 635 353 759 408; x_wconf 75' lang='lat' dir='ltr'><strong><em>excedat</em></strong></span> <span class='ocrx_word' id='word_1_12' title='bbox 774 354 924 408; x_wconf 79' lang='lat' dir='ltr'><em>dodrantis</em></span> <span class='ocrx_word' id='word_1_13' title='bbox 951 355 1084 408; x_wconf 89' lang='lat' dir='ltr'><strong><em>aestima·</em></strong></span> 
     </span>
     <span class='ocr_line' id='line_1_3' title="bbox 114 435 1145 508; baseline -0.008 -11"><span class='ocrx_word' id='word_1_14' title='bbox 114 445 232 508; x_wconf 87' lang='lat' dir='ltr'><strong><em>tionem,</em></strong></span> <span class='ocrx_word' id='word_1_15' title='bbox 250 444 293 494; x_wconf 84' lang='lat' dir='ltr'><strong><em>est</em></strong></span> <span class='ocrx_word' id='word_1_16' title='bbox 308 441 415 494; x_wconf 87' lang='lat' dir='ltr'><strong><em>uerius.</em></strong></span> <span class='ocrx_word' id='word_1_17' title='bbox 825 441 827 444; x_wconf 83' lang='lat'>&#39;</span> <span class='ocrx_word' id='word_1_18' title='bbox 1143 435 1145 438; x_wconf 85' lang='grc'><strong>’</strong></span> 
     </span>
     <span class='ocr_line' id='line_1_4' title="bbox 182 512 1125 594; baseline -0.006 -14"><span class='ocrx_word' id='word_1_19' title='bbox 182 519 228 580; x_wconf 87' lang='grc'><strong><em>67.</em></strong></span> <span class='ocrx_word' id='word_1_20' title='bbox 261 512 375 578; x_wconf 75' lang='lat' dir='ltr'><strong><em>⁶⁰Item</em></strong></span> <span class='ocrx_word' id='word_1_21' title='bbox 418 521 578 592; x_wconf 85' lang='lat' dir='ltr'><strong>Usufructu</strong></span> <span class='ocrx_word' id='word_1_22' title='bbox 605 522 742 578; x_wconf 85' lang='lat' dir='ltr'><strong>bonarum</strong></span> <span class='ocrx_word' id='word_1_23' title='bbox 768 523 862 594; x_wconf 77' lang='lat' dir='ltr'><strong><em>lepata</em></strong></span> <span class='ocrx_word' id='word_1_24' title='bbox 884 523 1000 578; x_wconf 85' lang='lat' dir='ltr'><strong><em>uidetur</em></strong></span> <span class='ocrx_word' id='word_1_25' title='bbox 1014 538 1086 592; x_wconf 86' lang='lat' dir='ltr'><strong><em>per·</em></strong></span> <span class='ocrx_word' id='word_1_26' title='bbox 1124 571 1125 574; x_wconf 74' lang='grc'>,</span> 
     </span>
     <span class='ocr_line' id='line_1_5' title="bbox 116 605 1084 685; baseline -0.004 -19"><span class='ocrx_word' id='word_1_27' title='bbox 116 607 327 685; x_wconf 80' lang='lat' dir='ltr'><strong><em>timesceudum,</em></strong></span> <span class='ocrx_word' id='word_1_28' title='bbox 344 616 375 661; x_wconf 83' lang='lat' dir='ltr'><strong>ut</strong></span> <span class='ocrx_word' id='word_1_29' title='bbox 390 621 424 660; x_wconf 87' lang='lat' dir='ltr'><strong><em>ne</em></strong></span> <span class='ocrx_word' id='word_1_30' title='bbox 445 607 608 678; x_wconf 83' lang='lat' dir='ltr'><strong><em>cuiusquam</em></strong></span> <span class='ocrx_word' id='word_1_31' title='bbox 629 607 675 660; x_wconf 89' lang='lat' dir='ltr'><strong><em>rei</em></strong></span> <span class='ocrx_word' id='word_1_32' title='bbox 694 605 891 661; x_wconf 77' lang='lat' dir='ltr'><strong><em>hereditariae</em></strong></span> <span class='ocrx_word' id='word_1_33' title='bbox 911 607 997 662; x_wconf 84' lang='lat' dir='ltr'><strong><em>iteres</em></strong></span> <span class='ocrx_word' id='word_1_34' title='bbox 1013 607 1084 662; x_wconf 89' lang='lat' dir='ltr'><strong><em>alie-</em></strong></span> 
     </span>
     <span class='ocr_line' id='line_1_6' title="bbox 117 685 1084 764; baseline -0.005 -14"><span class='ocrx_word' id='word_1_35' title='bbox 117 695 217 750; x_wconf 87' lang='lat' dir='ltr'><strong><em>nanda</em></strong></span> <span class='ocrx_word' id='word_1_36' title='bbox 239 685 405 763; x_wconf 75' lang='lat' dir='ltr'><strong><em>intercipiat</em></strong></span> <span class='ocrx_word' id='word_1_37' title='bbox 425 689 647 761; x_wconf 78' lang='lat' dir='ltr'><strong><em>usumfructum,</em></strong></span> <span class='ocrx_word' id='word_1_38' title='bbox 687 705 817 744; x_wconf 81' lang='lat' dir='ltr'><strong>summam</strong></span> <span class='ocrx_word' id='word_1_39' title='bbox 837 691 922 764; x_wconf 82' lang='lat' dir='ltr'><strong><em>igitur</em></strong></span> <span class='ocrx_word' id='word_1_40' title='bbox 948 690 1084 745; x_wconf 84' lang='lat' dir='ltr'><strong><em>’senatus-</em></strong></span> 
     </span>
     <span class='ocr_line' id='line_1_7' title="bbox 116 767 1083 848; baseline -0.003 -15"><span class='ocrx_word' id='word_1_41' title='bbox 116 773 239 833; x_wconf 77' lang='lat' dir='ltr'><strong><em>consulti</em></strong></span> <span class='ocrx_word' id='word_1_42' title='bbox 259 767 440 832; x_wconf 86' lang='lat' dir='ltr'><strong><em>seutentiam¹</em></strong></span> <span class='ocrx_word' id='word_1_43' title='bbox 461 781 518 829; x_wconf 75' lang='lat' dir='ltr'><strong>eam</strong></span> <span class='ocrx_word' id='word_1_44' title='bbox 541 789 603 830; x_wconf 90' lang='lat' dir='ltr'><strong><em>esse</em></strong></span> <span class='ocrx_word' id='word_1_45' title='bbox 620 781 706 846; x_wconf 88' lang='lat' dir='ltr'><strong><em>puta,</em></strong></span> <span class='ocrx_word' id='word_1_46' title='bbox 731 780 762 830; x_wconf 90' lang='lat' dir='ltr'><strong><em>at</em></strong></span> <span class='ocrx_word' id='word_1_47' title='bbox 775 777 937 848; x_wconf 78' lang='lat' dir='ltr'><strong><em>leputarius</em></strong></span> <span class='ocrx_word' id='word_1_48' title='bbox 952 778 1083 843; x_wconf 88' lang='lat' dir='ltr'><strong><em>amnium,</em></strong></span> 
     </span>
     <span class='ocr_line' id='line_1_8' title="bbox 118 858 1102 936; baseline -0.004 -18"><span class='ocrx_word' id='word_1_49' title='bbox 118 877 195 936; x_wconf 79' lang='lat' dir='ltr'><strong><em>qaae</em></strong></span> <span class='ocrx_word' id='word_1_50' title='bbox 216 867 283 917; x_wconf 89' lang='lat' dir='ltr'><strong><em>sunt</em></strong></span> <span class='ocrx_word' id='word_1_51' title='bbox 297 865 326 916; x_wconf 94' lang='lat' dir='ltr'><strong><em>in</em></strong></span> <span class='ocrx_word' id='word_1_52' title='bbox 342 859 506 921; x_wconf 77' lang='lat' dir='ltr'><strong><em>hereditate,</em></strong></span> <span class='ocrx_word' id='word_1_53' title='bbox 534 858 707 913; x_wconf 80' lang='lat' dir='ltr'><strong>ususfructus</strong></span> <span class='ocrx_word' id='word_1_54' title='bbox 729 867 850 933; x_wconf 76' lang='lat' dir='ltr'><strong><em>caperet:</em></strong></span> <span class='ocrx_word' id='word_1_55' title='bbox 882 866 1008 914; x_wconf 85' lang='lat' dir='ltr'><strong><em>ceterum</em></strong></span> <span class='ocrx_word' id='word_1_56' title='bbox 1035 859 1102 914; x_wconf 90' lang='lat' dir='ltr'><strong><em>ant</em></strong></span> 
     </span>
     <span class='ocr_line' id='line_1_9' title="bbox 118 943 1085 1032; baseline -0.004 -30"><span class='ocrx_word' id='word_1_57' title='bbox 118 949 230 1002; x_wconf 84' lang='lat' dir='ltr'><strong><em>ueteris</em></strong></span> <span class='ocrx_word' id='word_1_58' title='bbox 250 943 529 1032; x_wconf 52' lang='lat' dir='ltr'><strong><em>rei&#39;nsamfrnctum,</em></strong></span> <span class='ocrx_word' id='word_1_59' title='bbox 547 958 622 1014; x_wconf 80' lang='lat' dir='ltr'><strong><em>qnae</em></strong></span> <span class='ocrx_word' id='word_1_60' title='bbox 633 947 690 998; x_wconf 89' lang='lat' dir='ltr'><strong><em>iam</em></strong></span> <span class='ocrx_word' id='word_1_61' title='bbox 705 959 761 999; x_wconf 91' lang='lat' dir='ltr'><strong><em>nan</em></strong></span> <span class='ocrx_word' id='word_1_62' title='bbox 785 947 869 999; x_wconf 89' lang='lat' dir='ltr'><strong><em>estin</em></strong></span> <span class='ocrx_word' id='word_1_63' title='bbox 886 960 929 1005; x_wconf 82' lang='lat' dir='ltr'><strong><em>ee,</em></strong></span> <span class='ocrx_word' id='word_1_64' title='bbox 953 945 1041 999; x_wconf 81' lang='lat' dir='ltr'><strong><em>autin</em></strong></span> <span class='ocrx_word' id='word_1_65' title='bbox 1057 959 1085 998; x_wconf 91' lang='lat' dir='ltr'><strong>rc</strong></span> 
     </span>
     <span class='ocr_line' id='line_1_10' title="bbox 119 1027 1086 1098; baseline -0.004 -12"><span class='ocrx_word' id='word_1_66' title='bbox 119 1046 193 1086; x_wconf 82' lang='lat' dir='ltr'><strong><em>naua</em></strong></span> <span class='ocrx_word' id='word_1_67' title='bbox 209 1046 302 1085; x_wconf 87' lang='lat' dir='ltr'><strong><em>amnes</em></strong></span> <span class='ocrx_word' id='word_1_68' title='bbox 319 1046 358 1086; x_wconf 83' lang='lat' dir='ltr'><strong><em>ea</em></strong></span> <span class='ocrx_word' id='word_1_69' title='bbox 373 1045 454 1084; x_wconf 91' lang='lat' dir='ltr'><strong><em>mara</em></strong></span> <span class='ocrx_word' id='word_1_70' title='bbox 467 1027 589 1098; x_wconf 88' lang='lat' dir='ltr'><strong>fructus</strong></span> <span class='ocrx_word' id='word_1_71' title='bbox 604 1033 631 1082; x_wconf 92' lang='lat' dir='ltr'><strong><em>et</em></strong></span> <span class='ocrx_word' id='word_1_72' title='bbox 652 1029 879 1084; x_wconf 88' lang='lat' dir='ltr'><strong><em>constituendum</em></strong></span> <span class='ocrx_word' id='word_1_73' title='bbox 900 1032 927 1083; x_wconf 94' lang='lat' dir='ltr'><strong><em>ei</em></strong></span> <span class='ocrx_word' id='word_1_74' title='bbox 947 1028 1086 1083; x_wconf 82' lang='lat' dir='ltr'><strong>usumfru-</strong></span> 
     </span>
     <span class='ocr_line' id='line_1_11' title="bbox 117 1110 1086 1184; baseline -0.003 -15"><span class='ocrx_word' id='word_1_75' title='bbox 117 1122 202 1170; x_wconf 93' lang='lat' dir='ltr'><strong>ctum.</strong></span> <span class='ocrx_word' id='word_1_76' title='bbox 234 1113 287 1170; x_wconf 84' lang='lat' dir='ltr'><strong><em>Sed</em></strong></span> <span class='ocrx_word' id='word_1_77' title='bbox 302 1115 330 1170; x_wconf 90' lang='lat' dir='ltr'><strong><em>in</em></strong></span> <span class='ocrx_word' id='word_1_78' title='bbox 346 1110 486 1169; x_wconf 85' lang='lat' dir='ltr'><strong><em>ueteribus</em></strong></span> <span class='ocrx_word' id='word_1_79' title='bbox 502 1110 591 1182; x_wconf 77' lang='lat' dir='ltr'><strong><em>rebus,</em></strong></span> <span class='ocrx_word' id='word_1_80' title='bbox 609 1127 685 1184; x_wconf 74' lang='lat' dir='ltr'><strong><em>arcae</em></strong></span> <span class='ocrx_word' id='word_1_81' title='bbox 700 1116 872 1182; x_wconf 88' lang='lat' dir='ltr'><strong><em>patiuntur,</em></strong></span> <span class='ocrx_word' id='word_1_82' title='bbox 900 1127 1001 1168; x_wconf 90' lang='lat' dir='ltr'><strong><em>ueram</em></strong></span> <span class='ocrx_word' id='word_1_83' title='bbox 1024 1128 1086 1166; x_wconf 89' lang='lat' dir='ltr'><strong><em>eum</em></strong></span> 
     </span>
    </p>
   </div>
   <div class='ocr_carea' id='block_1_3' title="bbox 22 1194 1086 1270">
    <p class='ocr_par' dir='ltr' id='par_1_3' title="bbox 22 1194 1086 1270">
     <span class='ocr_line' id='line_1_12' title="bbox 22 1194 1086 1270; baseline -0.005 -15"><span class='ocrx_word' id='word_1_84' title='bbox 22 1261 28 1266; x_wconf 59' lang='grc'><strong>,</strong></span> <span class='ocrx_word' id='word_1_85' title='bbox 118 1201 229 1255; x_wconf 74' lang='lat' dir='ltr'><strong><em>nabere</em></strong></span> <span class='ocrx_word' id='word_1_86' title='bbox 245 1198 473 1270; x_wconf 83' lang='lat' dir='ltr'><strong>usumfructum,</strong></span> <span class='ocrx_word' id='word_1_87' title='bbox 497 1197 601 1250; x_wconf 79' lang='lat' dir='ltr'><strong><em>diserte</em></strong></span> <span class='ocrx_word' id='word_1_88' title='bbox 622 1194 657 1250; x_wconf 88' lang='lat' dir='ltr'><strong><em>ihi</em></strong></span> <span class='ocrx_word' id='word_1_89' title='bbox 676 1197 808 1268; x_wconf 86' lang='lat' dir='ltr'><strong><em>scriptum</em></strong></span> <span class='ocrx_word' id='word_1_90' title='bbox 831 1203 881 1252; x_wconf 90' lang='lat' dir='ltr'><strong><em>est.</em></strong></span> <span class='ocrx_word' id='word_1_91' title='bbox 932 1195 1086 1250; x_wconf 82' lang='lat' dir='ltr'><strong>Verendum</strong></span> 
     </span>
    </p>
   </div>
   <div class='ocr_carea' id='block_1_4' title="bbox 107 1282 1298 2627">
    <p class='ocr_par' dir='ltr' id='par_1_4' title="bbox 107 1282 1298 1776">
     <span class='ocr_line' id='line_1_13' title="bbox 119 1282 1088 1356; baseline -0.004 -18"><span class='ocrx_word' id='word_1_92' title='bbox 119 1287 209 1356; x_wconf 79' lang='lat' dir='ltr'><strong><em>ipitur</em></strong></span> <span class='ocrx_word' id='word_1_93' title='bbox 223 1299 280 1339; x_wconf 88' lang='lat' dir='ltr'><strong><em>nan</em></strong></span> <span class='ocrx_word' id='word_1_94' title='bbox 296 1289 351 1344; x_wconf 90' lang='lat' dir='ltr'><strong><em>est,</em></strong></span> <span class='ocrx_word' id='word_1_95' title='bbox 382 1297 418 1336; x_wconf 93' lang='lat' dir='ltr'><strong><em>ne</em></strong></span> <span class='ocrx_word' id='word_1_96' title='bbox 433 1282 567 1336; x_wconf 88' lang='lat' dir='ltr'><strong>damnum</strong></span> <span class='ocrx_word' id='word_1_97' title='bbox 586 1284 721 1351; x_wconf 84' lang='lat' dir='ltr'><strong><em>patiatur</em></strong></span> <span class='ocrx_word' id='word_1_98' title='bbox 743 1295 782 1336; x_wconf 85' lang='lat' dir='ltr'><strong><em>ea</em></strong></span> <span class='ocrx_word' id='word_1_99' title='bbox 802 1283 1021 1337; x_wconf 86' lang='lat' dir='ltr'><strong><em>commutatione</em></strong></span> <span class='ocrx_word' id='word_1_100' title='bbox 1043 1284 1088 1334; x_wconf 89' lang='lat' dir='ltr'><strong><em>rei</em></strong></span> 
     </span>
     <span class='ocr_line' id='line_1_14' title="bbox 121 1367 1298 1432; baseline -0.002 -9"><span class='ocrx_word' id='word_1_101' title='bbox 121 1367 323 1424; x_wconf 77' lang='lat' dir='ltr'><strong><em>hereditariae.</em></strong></span> <span class='ocrx_word' id='word_1_102' title='bbox 1297 1397 1298 1432; x_wconf 36' lang='lat' dir='ltr'><strong>r</strong></span> 
     </span>
     <span class='ocr_line' id='line_1_15' title="bbox 184 1441 1298 1522; baseline -0.005 -16"><span class='ocrx_word' id='word_1_103' title='bbox 184 1446 234 1506; x_wconf 87' lang='grc'><strong><em>68.</em></strong></span> <span class='ocrx_word' id='word_1_104' title='bbox 264 1443 404 1506; x_wconf 76' lang='lat' dir='ltr'><strong><em>²Paullus</em></strong></span> <span class='ocrx_word' id='word_1_105' title='bbox 428 1450 475 1506; x_wconf 84' lang='lat' dir='ltr'><strong><em>lit.</em></strong></span> <span class='ocrx_word' id='word_1_106' title='bbox 504 1453 575 1522; x_wconf 74' lang='lat' dir='ltr'><strong><em>einp.</em></strong></span> <span class='ocrx_word' id='word_1_107' title='bbox 605 1451 644 1504; x_wconf 90' lang='lat' dir='ltr'><strong><em>ad</em></strong></span> <span class='ocrx_word' id='word_1_108' title='bbox 670 1453 689 1506; x_wconf 91' lang='lat' dir='ltr'><strong><em>l.</em></strong></span> <span class='ocrx_word' id='word_1_109' title='bbox 712 1449 881 1506; x_wconf 81' lang='lat' dir='ltr'><strong><em>Falcidiam.</em></strong></span> <span class='ocrx_word' id='word_1_110' title='bbox 924 1441 1186 1522; x_wconf 45' lang='lat' dir='ltr'><strong><em>asnsractcffttpp,</em></strong></span> <span class='ocrx_word' id='word_1_111' title='bbox 1266 1463 1269 1468; x_wconf 91' lang='grc'><strong><em>·</em></strong></span> <span class='ocrx_word' id='word_1_112' title='bbox 1297 1471 1298 1500; x_wconf 79' lang='lat' dir='ltr'><strong><em>t</em></strong></span> 
     </span>
     <span class='ocr_line' id='line_1_16' title="bbox 121 1527 1298 1608; baseline -0.004 -16"><span class='ocrx_word' id='word_1_113' title='bbox 121 1539 216 1608; x_wconf 80' lang='lat' dir='ltr'><strong><em>lepata</em></strong></span> <span class='ocrx_word' id='word_1_114' title='bbox 232 1533 310 1608; x_wconf 83' lang='lat' dir='ltr'><strong><em>(nam</em></strong></span> <span class='ocrx_word' id='word_1_115' title='bbox 324 1539 369 1590; x_wconf 89' lang='lat' dir='ltr'><strong><em>ius</em></strong></span> <span class='ocrx_word' id='word_1_116' title='bbox 380 1535 569 1606; x_wconf 86' lang='lat' dir='ltr'><strong><em>praediorum</em></strong></span> <span class='ocrx_word' id='word_1_117' title='bbox 585 1535 665 1590; x_wconf 88' lang='lat' dir='ltr'><strong><em>uelut</em></strong></span> <span class='ocrx_word' id='word_1_118' title='bbox 676 1537 728 1590; x_wconf 90' lang='lat' dir='ltr'><strong><em>iter</em></strong></span> <span class='ocrx_word' id='word_1_119' title='bbox 743 1550 798 1589; x_wconf 87' lang='lat' dir='ltr'><strong>nun</strong></span> <span class='ocrx_word' id='word_1_120' title='bbox 809 1535 905 1607; x_wconf 84' lang='lat' dir='ltr'><strong><em>recipit</em></strong></span> <span class='ocrx_word' id='word_1_121' title='bbox 918 1533 986 1588; x_wconf 84' lang='lat' dir='ltr'><strong><em>hane</em></strong></span> <span class='ocrx_word' id='word_1_122' title='bbox 1001 1549 1081 1606; x_wconf 84' lang='lat' dir='ltr'><strong><em>quae·</em></strong></span> <span class='ocrx_word' id='word_1_123' title='bbox 1102 1527 1169 1606; x_wconf 54' lang='grc' dir='ltr'><strong><em>ῗῗιξ</em></strong></span> <span class='ocrx_word' id='word_1_124' title='bbox 1297 1535 1298 1542; x_wconf 76' lang='grc'>’</span> 
     </span>
     <span class='ocr_line' id='line_1_17' title="bbox 107 1614 1086 1692; baseline -0.003 -17"><span class='ocrx_word' id='word_1_125' title='bbox 107 1621 251 1684; x_wconf 72' lang='lat' dir='ltr'><strong><em>ctionem,</em></strong></span> <span class='ocrx_word' id='word_1_126' title='bbox 280 1614 342 1692; x_wconf 78' lang='lat' dir='ltr'><strong><em>quiri</em></strong></span> <span class='ocrx_word' id='word_1_127' title='bbox 367 1627 394 1674; x_wconf 89' lang='lat' dir='ltr'><strong><em>et</em></strong></span> <span class='ocrx_word' id='word_1_128' title='bbox 421 1618 509 1674; x_wconf 86' lang='lat' dir='ltr'><strong><em>diuidi</em></strong></span> <span class='ocrx_word' id='word_1_129' title='bbox 533 1617 641 1690; x_wconf 80' lang='lat' dir='ltr'><strong><em>nequit)</em></strong></span> <span class='ocrx_word' id='word_1_130' title='bbox 668 1623 831 1692; x_wconf 81' lang='lat' dir='ltr'><strong><em>quaeritur,</em></strong></span> <span class='ocrx_word' id='word_1_131' title='bbox 852 1620 1086 1691; x_wconf 82' lang='lat' dir='ltr'><strong>quemadmodum</strong></span> 
     </span>
     <span class='ocr_line' id='line_1_18' title="bbox 122 1701 1084 1776; baseline -0.002 -16"><span class='ocrx_word' id='word_1_132' title='bbox 122 1705 255 1761; x_wconf 82' lang='lat' dir='ltr'><strong><em>Falcidia</em></strong></span> <span class='ocrx_word' id='word_1_133' title='bbox 272 1705 423 1760; x_wconf 88' lang='lat' dir='ltr'><strong><em>retinenda</em></strong></span> <span class='ocrx_word' id='word_1_134' title='bbox 439 1703 483 1758; x_wconf 89' lang='lat' dir='ltr'><strong><em>sit.</em></strong></span> <span class='ocrx_word' id='word_1_135' title='bbox 514 1701 547 1757; x_wconf 82' lang='lat' dir='ltr'><strong><em>Et</em></strong></span> <span class='ocrx_word' id='word_1_136' title='bbox 569 1709 675 1757; x_wconf 89' lang='lat' dir='ltr'><strong><em>ueteres</em></strong></span> <span class='ocrx_word' id='word_1_137' title='bbox 698 1703 805 1776; x_wconf 90' lang='lat' dir='ltr'><strong><em>quidem</em></strong></span> <span class='ocrx_word' id='word_1_138' title='bbox 826 1705 1022 1758; x_wconf 78' lang='lat' dir='ltr'><strong><em>aestimandum</em></strong></span> <span class='ocrx_word' id='word_1_139' title='bbox 1045 1710 1084 1758; x_wconf 90' lang='lat' dir='ltr'><strong><em>ta·</em></strong></span> 
     </span>
    </p>

    <p class='ocr_par' dir='ltr' id='par_1_5' title="bbox 122 1786 1084 1862">
     <span class='ocr_line' id='line_1_19' title="bbox 122 1786 1084 1862; baseline -0.004 -18"><span class='ocrx_word' id='word_1_140' title='bbox 122 1797 179 1845; x_wconf 90' lang='lat' dir='ltr'><strong><em>tum</em></strong></span> <span class='ocrx_word' id='word_1_141' title='bbox 194 1789 409 1862; x_wconf 80' lang='lat' dir='ltr'><strong>usumfructum</strong></span> <span class='ocrx_word' id='word_1_142' title='bbox 426 1788 570 1860; x_wconf 85' lang='lat' dir='ltr'><strong><em>putabant</em></strong></span> <span class='ocrx_word' id='word_1_143' title='bbox 591 1794 618 1842; x_wconf 91' lang='lat' dir='ltr'><strong><em>el</em></strong></span> <span class='ocrx_word' id='word_1_144' title='bbox 640 1791 676 1842; x_wconf 85' lang='lat' dir='ltr'><strong><em>ita</em></strong></span> <span class='ocrx_word' id='word_1_145' title='bbox 698 1786 937 1849; x_wconf 84' lang='lat' dir='ltr'><strong><em>constituendum,</em></strong></span> <span class='ocrx_word' id='word_1_146' title='bbox 954 1793 1084 1860; x_wconf 82' lang='lat' dir='ltr'><strong>quantum</strong></span> 
     </span>
    </p>

    <p class='ocr_par' dir='ltr' id='par_1_6' title="bbox 121 1871 1086 1948">
     <span class='ocr_line' id='line_1_20' title="bbox 121 1871 1086 1948; baseline -0.002 -22"><span class='ocrx_word' id='word_1_147' title='bbox 121 1874 156 1926; x_wconf 86' lang='lat' dir='ltr'><strong><em>sit</em></strong></span> <span class='ocrx_word' id='word_1_148' title='bbox 172 1875 199 1928; x_wconf 91' lang='lat' dir='ltr'><strong><em>in</em></strong></span> <span class='ocrx_word' id='word_1_149' title='bbox 214 1877 319 1948; x_wconf 80' lang='lat' dir='ltr'><strong><em>tepula.</em></strong></span> <span class='ocrx_word' id='word_1_150' title='bbox 362 1875 413 1930; x_wconf 89' lang='lat' dir='ltr'><strong><em>sed</em></strong></span> <span class='ocrx_word' id='word_1_151' title='bbox 434 1873 530 1928; x_wconf 81' lang='lat' dir='ltr'><strong><em>Aristo</em></strong></span> <span class='ocrx_word' id='word_1_152' title='bbox 552 1879 716 1928; x_wconf 86' lang='lat' dir='ltr'><strong><em>caeterum</em></strong></span> <span class='ocrx_word' id='word_1_153' title='bbox 732 1874 863 1942; x_wconf 85' lang='lat' dir='ltr'><strong><em>opinione</em></strong></span> <span class='ocrx_word' id='word_1_154' title='bbox 885 1871 1015 1931; x_wconf 82' lang='lat' dir='ltr'><strong><em>recessit:</em></strong></span> <span class='ocrx_word' id='word_1_155' title='bbox 1050 1871 1086 1924; x_wconf 83' lang='lat' dir='ltr'><strong><em>ait</em></strong></span> 
     </span>
    </p>

    <p class='ocr_par' dir='ltr' id='par_1_7' title="bbox 122 1957 1083 2030">
     <span class='ocr_line' id='line_1_21' title="bbox 122 1957 1083 2030; baseline -0.001 -20"><span class='ocrx_word' id='word_1_156' title='bbox 122 1957 200 2018; x_wconf 87' lang='lat' dir='ltr'><strong><em>enim,</em></strong></span> <span class='ocrx_word' id='word_1_157' title='bbox 217 1973 298 2028; x_wconf 85' lang='lat' dir='ltr'><strong><em>pesse</em></strong></span> <span class='ocrx_word' id='word_1_158' title='bbox 314 1965 434 2030; x_wconf 80' lang='lat' dir='ltr'><strong>quartam</strong></span> <span class='ocrx_word' id='word_1_159' title='bbox 451 1960 483 2012; x_wconf 75' lang='lat' dir='ltr'><strong><em>ei</em></strong></span> <span class='ocrx_word' id='word_1_160' title='bbox 498 1972 530 2011; x_wconf 89' lang='lat' dir='ltr'><strong><em>ea</em></strong></span> <span class='ocrx_word' id='word_1_161' title='bbox 548 1960 623 2012; x_wconf 88' lang='lat' dir='ltr'><strong><em>sicat</em></strong></span> <span class='ocrx_word' id='word_1_162' title='bbox 638 1973 677 2012; x_wconf 81' lang='lat' dir='ltr'><strong><em>ex</em></strong></span> <span class='ocrx_word' id='word_1_163' title='bbox 698 1957 869 2027; x_wconf 81' lang='lat' dir='ltr'><strong><em>corporibus</em></strong></span> <span class='ocrx_word' id='word_1_164' title='bbox 884 1959 1019 2016; x_wconf 85' lang='lat' dir='ltr'><strong><em>retineri,</em></strong></span> <span class='ocrx_word' id='word_1_165' title='bbox 1042 1957 1083 2010; x_wconf 87' lang='lat' dir='ltr'><strong><em>id-</em></strong></span> 
     </span>
    </p>

    <p class='ocr_par' dir='ltr' id='par_1_8' title="bbox 129 2038 544 2113">
     <span class='ocr_line' id='line_1_22' title="bbox 129 2038 544 2113; baseline 0.007 -19"><span class='ocrx_word' id='word_1_166' title='bbox 129 2055 183 2112; x_wconf 85' lang='lat' dir='ltr'><strong>que</strong></span> <span class='ocrx_word' id='word_1_167' title='bbox 199 2047 278 2096; x_wconf 90' lang='lat' dir='ltr'><strong><em>recte</em></strong></span> <span class='ocrx_word' id='word_1_168' title='bbox 293 2041 423 2097; x_wconf 87' lang='lat' dir='ltr'><strong><em>Iulianus</em></strong></span> <span class='ocrx_word' id='word_1_169' title='bbox 439 2038 544 2113; x_wconf 79' lang='lat' dir='ltr'><strong><em>prabet.</em></strong></span> 
     </span>
    </p>

    <p class='ocr_par' dir='ltr' id='par_1_9' title="bbox 124 2116 1188 2627">
     <span class='ocr_line' id='line_1_23' title="bbox 187 2116 1188 2195; baseline 0 -16"><span class='ocrx_word' id='word_1_170' title='bbox 187 2119 237 2181; x_wconf 82' lang='grc'><strong><em>69.</em></strong></span> <span class='ocrx_word' id='word_1_171' title='bbox 262 2117 298 2179; x_wconf 84' lang='lat'><strong><em>³.</em></strong></span> <span class='ocrx_word' id='word_1_172' title='bbox 317 2166 323 2179; x_wconf 92' lang='lat'><em>.</em></span> <span class='ocrx_word' id='word_1_173' title='bbox 342 2127 473 2180; x_wconf 84' lang='lat' dir='ltr'><strong><em>.Lueius</em></strong></span> <span class='ocrx_word' id='word_1_174' title='bbox 501 2124 590 2180; x_wconf 85' lang='lat' dir='ltr'><strong><em>Titius</em></strong></span> <span class='ocrx_word' id='word_1_175' title='bbox 612 2130 779 2181; x_wconf 90' lang='lat' dir='ltr'><strong><em>testamenta</em></strong></span> <span class='ocrx_word' id='word_1_176' title='bbox 805 2140 857 2180; x_wconf 84' lang='lat' dir='ltr'><strong><em>sua</em></strong></span> <span class='ocrx_word' id='word_1_177' title='bbox 873 2128 909 2180; x_wconf 83' lang='lat' dir='ltr'><strong><em>ita</em></strong></span> <span class='ocrx_word' id='word_1_178' title='bbox 933 2125 1018 2178; x_wconf 75' lang='lat' dir='ltr'><strong><em>cauit:</em></strong></span> <span class='ocrx_word' id='word_1_179' title='bbox 1041 2116 1188 2195; x_wconf 64' lang='lat' dir='ltr'><strong><em>Dch&#39;iriis&#39;r.</em></strong></span> 
     </span>
     <span class='ocr_line' id='line_1_24' title="bbox 124 2223 1085 2276; baseline 0.002 -12"><span class='ocrx_word' id='word_1_180' title='bbox 124 2223 206 2266; x_wconf 78' lang='lat' dir='ltr'><strong><em>uuae</em></strong></span> <span class='ocrx_word' id='word_1_181' title='bbox 223 2223 323 2264; x_wconf 77' lang='lat' dir='ltr'><strong>mamm</strong></span> <span class='ocrx_word' id='word_1_182' title='bbox 340 2223 430 2264; x_wconf 78' lang='lat' dir='ltr'><strong>sumu</strong></span> <span class='ocrx_word' id='word_1_183' title='bbox 445 2223 543 2266; x_wconf 81' lang='lat' dir='ltr'><strong><em>vxaei</em></strong></span> <span class='ocrx_word' id='word_1_184' title='bbox 562 2226 660 2274; x_wconf 71' lang='lat' dir='ltr'><strong><em>aare,</em></strong></span> <span class='ocrx_word' id='word_1_185' title='bbox 680 2225 725 2268; x_wconf 75' lang='lat' dir='ltr'><strong><em>ar·</em></strong></span> <span class='ocrx_word' id='word_1_186' title='bbox 744 2226 804 2276; x_wconf 78' lang='lat' dir='ltr'><strong><em>QVA</em></strong></span> <span class='ocrx_word' id='word_1_187' title='bbox 828 2223 994 2268; x_wconf 67' lang='lat' dir='ltr'><strong><em>suscepere</em></strong></span> <span class='ocrx_word' id='word_1_188' title='bbox 1017 2224 1085 2266; x_wconf 80' lang='lat' dir='ltr'><strong><em>aare·</em></strong></span> 
     </span>
     <span class='ocr_line' id='line_1_25' title="bbox 125 2307 1089 2358; baseline 0 -8"><span class='ocrx_word' id='word_1_189' title='bbox 125 2309 222 2358; x_wconf 74' lang='lat' dir='ltr'><strong><em>Meris</em></strong></span> <span class='ocrx_word' id='word_1_190' title='bbox 241 2308 345 2350; x_wconf 78' lang='lat' dir='ltr'><strong><em>rieivs</em></strong></span> <span class='ocrx_word' id='word_1_191' title='bbox 361 2309 432 2348; x_wconf 81' lang='lat' dir='ltr'><strong><em>mnu</em></strong></span> <span class='ocrx_word' id='word_1_192' title='bbox 447 2307 506 2350; x_wconf 77' lang='lat' dir='ltr'><strong>Pro</strong></span> <span class='ocrx_word' id='word_1_193' title='bbox 523 2308 625 2350; x_wconf 70' lang='lat' dir='ltr'><strong><em>Perire</em></strong></span> <span class='ocrx_word' id='word_1_194' title='bbox 641 2311 743 2351; x_wconf 74' lang='lat' dir='ltr'><strong>eurus</strong></span> <span class='ocrx_word' id='word_1_195' title='bbox 765 2309 839 2357; x_wconf 82' lang='lat' dir='ltr'><strong>usr,</strong></span> <span class='ocrx_word' id='word_1_196' title='bbox 860 2309 1089 2353; x_wconf 73' lang='lat' dir='ltr'><strong>vsvmraecarm</strong></span> 
     </span>
     <span class='ocr_line' id='line_1_26' title="bbox 127 2373 1086 2445; baseline -0.001 -10"><span class='ocrx_word' id='word_1_197' title='bbox 127 2392 270 2436; x_wconf 73' lang='lat' dir='ltr'><strong><em>arescere</em></strong></span> <span class='ocrx_word' id='word_1_198' title='bbox 281 2392 392 2435; x_wconf 80' lang='lat' dir='ltr'><strong><em>PARTtS</em></strong></span> <span class='ocrx_word' id='word_1_199' title='bbox 408 2392 558 2434; x_wconf 77' lang='lat' dir='ltr'><strong><em>eaaaerra</em></strong></span> <span class='ocrx_word' id='word_1_200' title='bbox 574 2395 707 2436; x_wconf 78' lang='lat' dir='ltr'><strong><em>neaera</em></strong></span> <span class='ocrx_word' id='word_1_201' title='bbox 726 2395 822 2445; x_wconf 72' lang='lat' dir='ltr'><strong><em>isara</em></strong></span> <span class='ocrx_word' id='word_1_202' title='bbox 841 2373 925 2437; x_wconf 80' lang='lat' dir='ltr'><strong><em>avu⁴</em></strong></span> <span class='ocrx_word' id='word_1_203' title='bbox 940 2395 973 2436; x_wconf 81' lang='lat' dir='ltr'><strong>m</strong></span> <span class='ocrx_word' id='word_1_204' title='bbox 998 2393 1086 2440; x_wconf 82' lang='lat' dir='ltr'><strong>amu,</strong></span> 
     </span>
     <span class='ocr_line' id='line_1_27' title="bbox 127 2477 1090 2530; baseline 0.002 -13"><span class='ocrx_word' id='word_1_205' title='bbox 127 2477 186 2525; x_wconf 81' lang='lat' dir='ltr'><strong><em>avo</em></strong></span> <span class='ocrx_word' id='word_1_206' title='bbox 203 2477 522 2520; x_wconf 70' lang='lat' dir='ltr'><strong>uuarrlmrusurrrrs</strong></span> <span class='ocrx_word' id='word_1_207' title='bbox 543 2478 645 2520; x_wconf 74' lang='lat' dir='ltr'><strong><em>rietes</em></strong></span> <span class='ocrx_word' id='word_1_208' title='bbox 670 2479 786 2522; x_wconf 69' lang='lat' dir='ltr'><strong><em>recres</em></strong></span> <span class='ocrx_word' id='word_1_209' title='bbox 807 2480 892 2530; x_wconf 75' lang='lat' dir='ltr'><strong>cerr,</strong></span> <span class='ocrx_word' id='word_1_210' title='bbox 920 2481 962 2520; x_wconf 72' lang='lat' dir='ltr'><strong><em>ne</em></strong></span> <span class='ocrx_word' id='word_1_211' title='bbox 989 2479 1090 2528; x_wconf 75' lang='lat' dir='ltr'><strong><em>unare</em></strong></span> 
     </span>
     <span class='ocr_line' id='line_1_28' title="bbox 126 2559 1089 2627; baseline 0.002 -24"><span class='ocrx_word' id='word_1_212' title='bbox 126 2560 372 2627; x_wconf 69' lang='lat' dir='ltr'><strong><em>sneisanrraauu</em></strong></span> <span class='ocrx_word' id='word_1_213' title='bbox 393 2559 481 2602; x_wconf 74' lang='lat' dir='ltr'><strong><em>extat</em></strong></span> <span class='ocrx_word' id='word_1_214' title='bbox 501 2560 597 2608; x_wconf 67' lang='lat' dir='ltr'><strong>verm</strong></span> <span class='ocrx_word' id='word_1_215' title='bbox 620 2561 914 2609; x_wconf 71' lang='lat' dir='ltr'><strong>immurmures</strong></span> <span class='ocrx_word' id='word_1_216' title='bbox 930 2564 969 2604; x_wconf 73' lang='lat' dir='ltr'><strong><em>ue</em></strong></span> <span class='ocrx_word' id='word_1_217' title='bbox 989 2563 1089 2606; x_wconf 76' lang='lat' dir='ltr'><strong><em>recres</em></strong></span> 
     </span>
    </p>
   </div>
   <div class='ocr_carea' id='block_1_5' title="bbox 122 2741 1165 3420">
    <p class='ocr_par' dir='ltr' id='par_1_10' title="bbox 122 2741 1165 3420">
     <span class='ocr_line' id='line_1_29' title="bbox 125 2741 1165 2810; baseline 0.004 -17"><span class='ocrx_word' id='word_1_218' title='bbox 125 2746 223 2793; x_wconf 77' lang='lat' dir='ltr'><strong><em>cicietur</em></strong></span> <span class='ocrx_word' id='word_1_219' title='bbox 239 2746 372 2808; x_wconf 85' lang='lat' dir='ltr'><strong><em>pertinere</em></strong></span> <span class='ocrx_word' id='word_1_220' title='bbox 389 2751 416 2794; x_wconf 89' lang='lat' dir='ltr'><strong>ut</strong></span> <span class='ocrx_word' id='word_1_221' title='bbox 434 2742 460 2808; x_wconf 70' lang='lat'><strong><em>8.</em></strong></span> <span class='ocrx_word' id='word_1_222' title='bbox 479 2753 526 2802; x_wconf 81' lang='lat' dir='ltr'><strong><em>tc„</em></strong></span> <span class='ocrx_word' id='word_1_223' title='bbox 551 2750 576 2792; x_wconf 85' lang='lat' dir='ltr'><strong><em>et</em></strong></span> <span class='ocrx_word' id='word_1_224' title='bbox 593 2745 619 2792; x_wconf 92' lang='lat' dir='ltr'><strong><em>in</em></strong></span> <span class='ocrx_word' id='word_1_225' title='bbox 637 2741 665 2806; x_wconf 69' lang='lat' dir='ltr'><strong><em>S.</em></strong></span> <span class='ocrx_word' id='word_1_226' title='bbox 683 2753 716 2794; x_wconf 65' lang='lat'><strong><em>68.</em></strong></span> <span class='ocrx_word' id='word_1_227' title='bbox 734 2747 766 2794; x_wconf 88' lang='lat' dir='ltr'><strong><em>de</em></strong></span> <span class='ocrx_word' id='word_1_228' title='bbox 785 2747 901 2796; x_wconf 83' lang='lat' dir='ltr'><strong><em>Falcidia</em></strong></span> <span class='ocrx_word' id='word_1_229' title='bbox 927 2749 1012 2810; x_wconf 78' lang='lat' dir='ltr'><strong><em>apitar</em></strong></span> <span class='ocrx_word' id='word_1_230' title='bbox 1029 2763 1087 2796; x_wconf 89' lang='lat' dir='ltr'><strong><em>usn·</em></strong></span> <span class='ocrx_word' id='word_1_231' title='bbox 1162 2757 1165 2760; x_wconf 86' lang='grc'><strong>’</strong></span> 
     </span>
     <span class='ocr_line' id='line_1_30' title="bbox 122 2811 1089 2878; baseline 0.004 -18"><span class='ocrx_word' id='word_1_232' title='bbox 122 2813 209 2875; x_wconf 87' lang='lat' dir='ltr'><strong>fructu</strong></span> <span class='ocrx_word' id='word_1_233' title='bbox 227 2816 319 2875; x_wconf 80' lang='lat' dir='ltr'><strong><em>iepata.</em></strong></span> <span class='ocrx_word' id='word_1_234' title='bbox 355 2811 423 2862; x_wconf 87' lang='lat' dir='ltr'><strong><em>Sanc</em></strong></span> <span class='ocrx_word' id='word_1_235' title='bbox 442 2828 506 2862; x_wconf 89' lang='lat' dir='ltr'><strong><em>naaa</em></strong></span> <span class='ocrx_word' id='word_1_236' title='bbox 527 2812 627 2875; x_wconf 89' lang='lat' dir='ltr'><strong><em>species</em></strong></span> <span class='ocrx_word' id='word_1_237' title='bbox 649 2812 675 2859; x_wconf 89' lang='lat' dir='ltr'><strong><em>in</em></strong></span> <span class='ocrx_word' id='word_1_238' title='bbox 697 2813 756 2861; x_wconf 89' lang='lat' dir='ltr'><strong><em>Vat.</em></strong></span> <span class='ocrx_word' id='word_1_239' title='bbox 781 2815 820 2862; x_wconf 81' lang='lat' dir='ltr'><strong><em>lic</em></strong></span> <span class='ocrx_word' id='word_1_240' title='bbox 842 2830 892 2864; x_wconf 89' lang='lat' dir='ltr'><strong><em>nan</em></strong></span> <span class='ocrx_word' id='word_1_241' title='bbox 914 2815 1019 2878; x_wconf 75' lang='lat' dir='ltr'><strong><em>incipit:</em></strong></span> <span class='ocrx_word' id='word_1_242' title='bbox 1041 2817 1089 2864; x_wconf 85' lang='lat' dir='ltr'><strong><em>sed</em></strong></span> 
     </span>
     <span class='ocr_line' id='line_1_31' title="bbox 126 2879 1087 2944; baseline 0.002 -14"><span class='ocrx_word' id='word_1_243' title='bbox 126 2895 215 2932; x_wconf 86' lang='lat' dir='ltr'><strong><em>errare</em></strong></span> <span class='ocrx_word' id='word_1_244' title='bbox 232 2882 261 2930; x_wconf 87' lang='lat' dir='ltr'><strong><em>id</em></strong></span> <span class='ocrx_word' id='word_1_245' title='bbox 275 2881 371 2943; x_wconf 87' lang='lat' dir='ltr'><strong><em>facium</em></strong></span> <span class='ocrx_word' id='word_1_246' title='bbox 389 2882 471 2930; x_wconf 87' lang='lat' dir='ltr'><strong><em>malim</em></strong></span> <span class='ocrx_word' id='word_1_247' title='bbox 486 2887 594 2944; x_wconf 76' lang='lat' dir='ltr'><strong><em>pitture,</em></strong></span> <span class='ocrx_word' id='word_1_248' title='bbox 613 2894 687 2944; x_wconf 84' lang='lat' dir='ltr'><strong>quam</strong></span> <span class='ocrx_word' id='word_1_249' title='bbox 705 2895 757 2928; x_wconf 87' lang='lat' dir='ltr'><strong><em>cam</em></strong></span> <span class='ocrx_word' id='word_1_250' title='bbox 775 2879 857 2930; x_wconf 75' lang='lat' dir='ltr'><strong><em>BiumL</em></strong></span> <span class='ocrx_word' id='word_1_251' title='bbox 881 2887 906 2931; x_wconf 88' lang='lat' dir='ltr'><strong><em>el</em></strong></span> <span class='ocrx_word' id='word_1_252' title='bbox 925 2883 1016 2932; x_wconf 77' lang='lat' dir='ltr'><strong><em>Manis.</em></strong></span> <span class='ocrx_word' id='word_1_253' title='bbox 1034 2891 1087 2932; x_wconf 86' lang='lat' dir='ltr'><strong><em>sla·</em></strong></span> 
     </span>
     <span class='ocr_line' id='line_1_32' title="bbox 126 2946 1088 3014; baseline 0.001 -17"><span class='ocrx_word' id='word_1_254' title='bbox 126 2956 204 3008; x_wconf 79' lang='lat' dir='ltr'><strong><em>tuere,</em></strong></span> <span class='ocrx_word' id='word_1_255' title='bbox 226 2948 331 3011; x_wconf 78' lang='lat' dir='ltr'><strong><em>Ulpiani</em></strong></span> <span class='ocrx_word' id='word_1_256' title='bbox 348 2955 431 2998; x_wconf 90' lang='lat' dir='ltr'><strong><em>natam</em></strong></span> <span class='ocrx_word' id='word_1_257' title='bbox 455 2949 490 2997; x_wconf 85' lang='lat' dir='ltr'><strong><em>ad</em></strong></span> <span class='ocrx_word' id='word_1_258' title='bbox 506 2947 600 3010; x_wconf 82' lang='lat' dir='ltr'><strong><em>Papia.</em></strong></span> <span class='ocrx_word' id='word_1_259' title='bbox 619 2946 659 2994; x_wconf 78' lang='lat' dir='ltr'><strong><em>lia</em></strong></span> <span class='ocrx_word' id='word_1_260' title='bbox 676 2954 786 2996; x_wconf 88' lang='lat' dir='ltr'><strong><em>secutam</em></strong></span> <span class='ocrx_word' id='word_1_261' title='bbox 804 2963 874 3003; x_wconf 72' lang='lat' dir='ltr'><strong><em>esse:</em></strong></span> <span class='ocrx_word' id='word_1_262' title='bbox 901 2949 1007 3014; x_wconf 80' lang='lat' dir='ltr'><strong><em>Ulpiani</em></strong></span> <span class='ocrx_word' id='word_1_263' title='bbox 1025 2953 1088 3000; x_wconf 85' lang='lat' dir='ltr'><strong><em>enirn</em></strong></span> 
     </span>
     <span class='ocr_line' id='line_1_33' title="bbox 126 3013 1089 3080; baseline 0.005 -17"><span class='ocrx_word' id='word_1_264' title='bbox 126 3017 161 3064; x_wconf 87' lang='lat' dir='ltr'><strong><em>ad</em></strong></span> <span class='ocrx_word' id='word_1_265' title='bbox 172 3017 263 3080; x_wconf 83' lang='lat' dir='ltr'><strong><em>Papia.</em></strong></span> <span class='ocrx_word' id='word_1_266' title='bbox 278 3024 351 3066; x_wconf 79' lang='lat' dir='ltr'><strong><em>naias</em></strong></span> <span class='ocrx_word' id='word_1_267' title='bbox 365 3016 544 3066; x_wconf 77' lang='lat' dir='ltr'><strong><em>Constantinus</em></strong></span> <span class='ocrx_word' id='word_1_268' title='bbox 556 3015 737 3078; x_wconf 78' lang='lat' dir='ltr'><strong><em>infirmaverat.</em></strong></span> <span class='ocrx_word' id='word_1_269' title='bbox 790 3013 821 3078; x_wconf 74' lang='lat'><strong><em>⁸⁰)</em></strong></span> <span class='ocrx_word' id='word_1_270' title='bbox 842 3017 997 3066; x_wconf 87' lang='lat' dir='ltr'><strong><em>Sententiam</em></strong></span> <span class='ocrx_word' id='word_1_271' title='bbox 1015 3019 1089 3068; x_wconf 80' lang='lat' dir='ltr'><strong><em>leuius</em></strong></span> 
     </span>
     <span class='ocr_line' id='line_1_34' title="bbox 126 3080 1088 3148; baseline 0.003 -19"><span class='ocrx_word' id='word_1_272' title='bbox 126 3080 154 3145; x_wconf 68' lang='lat' dir='ltr'><strong><em>§i</em></strong></span> <span class='ocrx_word' id='word_1_273' title='bbox 170 3085 279 3132; x_wconf 84' lang='lat' dir='ltr'><strong><em>restitui.</em></strong></span> <span class='ocrx_word' id='word_1_274' title='bbox 316 3083 355 3146; x_wconf 82' lang='lat' dir='ltr'><strong><em>Of.</em></strong></span> <span class='ocrx_word' id='word_1_275' title='bbox 374 3085 405 3133; x_wconf 89' lang='lat' dir='ltr'><strong><em>L.</em></strong></span> <span class='ocrx_word' id='word_1_276' title='bbox 425 3093 449 3132; x_wconf 78' lang='lat' dir='ltr'><strong><em>at</em></strong></span> <span class='ocrx_word' id='word_1_277' title='bbox 465 3100 508 3148; x_wconf 87' lang='lat' dir='ltr'><strong><em>pr.</em></strong></span> <span class='ocrx_word' id='word_1_278' title='bbox 528 3083 560 3135; x_wconf 81' lang='lat' dir='ltr'><strong><em>I).</em></strong></span> <span class='ocrx_word' id='word_1_279' title='bbox 580 3081 611 3130; x_wconf 85' lang='lat' dir='ltr'><strong><em>de</em></strong></span> <span class='ocrx_word' id='word_1_280' title='bbox 629 3081 712 3144; x_wconf 84' lang='lat' dir='ltr'><strong><em>asufr.</em></strong></span> <span class='ocrx_word' id='word_1_281' title='bbox 732 3084 779 3145; x_wconf 82' lang='lat' dir='ltr'><strong><em>lep.</em></strong></span> <span class='ocrx_word' id='word_1_282' title='bbox 799 3082 842 3144; x_wconf 78' lang='lat'><strong><em>(³3,</em></strong></span> <span class='ocrx_word' id='word_1_283' title='bbox 863 3086 895 3142; x_wconf 78' lang='lat' dir='ltr'><strong><em>i).</em></strong></span> <span class='ocrx_word' id='word_1_284' title='bbox 928 3085 961 3135; x_wconf 84' lang='lat' dir='ltr'><strong><em>L.</em></strong></span> <span class='ocrx_word' id='word_1_285' title='bbox 975 3093 1008 3138; x_wconf 80' lang='lat' dir='ltr'><strong><em>et.</em></strong></span> <span class='ocrx_word' id='word_1_286' title='bbox 1028 3083 1054 3148; x_wconf 67' lang='grc'><strong><em>8.</em></strong></span> <span class='ocrx_word' id='word_1_287' title='bbox 1068 3095 1088 3138; x_wconf 79' lang='lat'><strong><em>2.</em></strong></span> 
     </span>
     <span class='ocr_line' id='line_1_35' title="bbox 128 3148 1087 3214; baseline 0.002 -16"><span class='ocrx_word' id='word_1_288' title='bbox 128 3150 158 3198; x_wconf 86' lang='lat' dir='ltr'><strong><em>D.</em></strong></span> <span class='ocrx_word' id='word_1_289' title='bbox 179 3151 210 3198; x_wconf 89' lang='lat' dir='ltr'><strong><em>de</em></strong></span> <span class='ocrx_word' id='word_1_290' title='bbox 233 3149 369 3213; x_wconf 79' lang='lat' dir='ltr'><strong><em>iuafr.(7‚</em></strong></span> <span class='ocrx_word' id='word_1_291' title='bbox 391 3151 423 3214; x_wconf 82' lang='lat'><strong><em>1).</em></strong></span> <span class='ocrx_word' id='word_1_292' title='bbox 562 3148 582 3213; x_wconf 94' lang='lat'><strong><em>¹)</em></strong></span> <span class='ocrx_word' id='word_1_293' title='bbox 611 3148 662 3202; x_wconf 74' lang='lat' dir='ltr'><strong><em>Vd.</em></strong></span> <span class='ocrx_word' id='word_1_294' title='bbox 681 3151 721 3200; x_wconf 86' lang='lat' dir='ltr'><strong><em>ed.</em></strong></span> <span class='ocrx_word' id='word_1_295' title='bbox 741 3149 831 3202; x_wconf 88' lang='lat' dir='ltr'><strong><em>Mams.</em></strong></span> <span class='ocrx_word' id='word_1_296' title='bbox 868 3154 1005 3214; x_wconf 83' lang='lat' dir='ltr'><strong><em>patientiam</em></strong></span> <span class='ocrx_word' id='word_1_297' title='bbox 1027 3154 1087 3202; x_wconf 88' lang='lat' dir='ltr'><strong><em>Vnt.</em></strong></span> 
     </span>
     <span class='ocr_line' id='line_1_36' title="bbox 126 3215 1088 3284; baseline 0.005 -20"><span class='ocrx_word' id='word_1_298' title='bbox 126 3215 146 3278; x_wconf 79' lang='lat'><strong><em>²)</em></strong></span> <span class='ocrx_word' id='word_1_299' title='bbox 167 3216 214 3264; x_wconf 79' lang='lat' dir='ltr'><strong><em>Est</em></strong></span> <span class='ocrx_word' id='word_1_300' title='bbox 232 3217 263 3265; x_wconf 81' lang='lat' dir='ltr'><strong><em>L.</em></strong></span> <span class='ocrx_word' id='word_1_301' title='bbox 283 3227 302 3266; x_wconf 87' lang='lat' dir='ltr'><strong><em>t.</em></strong></span> <span class='ocrx_word' id='word_1_302' title='bbox 323 3216 350 3280; x_wconf 69' lang='lat' dir='ltr'><strong><em>S.</em></strong></span> <span class='ocrx_word' id='word_1_303' title='bbox 369 3228 389 3271; x_wconf 84' lang='grc'><strong><em>9,</em></strong></span> <span class='ocrx_word' id='word_1_304' title='bbox 409 3219 441 3269; x_wconf 87' lang='lat' dir='ltr'><strong><em>D.</em></strong></span> <span class='ocrx_word' id='word_1_305' title='bbox 459 3221 495 3268; x_wconf 84' lang='lat' dir='ltr'><strong><em>ad</em></strong></span> <span class='ocrx_word' id='word_1_306' title='bbox 512 3222 559 3284; x_wconf 84' lang='lat' dir='ltr'><strong><em>lep.</em></strong></span> <span class='ocrx_word' id='word_1_307' title='bbox 578 3218 650 3269; x_wconf 84' lang='lat' dir='ltr'><strong><em>Fale.</em></strong></span> <span class='ocrx_word' id='word_1_308' title='bbox 670 3217 722 3279; x_wconf 81' lang='lat'><strong>(35,</strong></span> <span class='ocrx_word' id='word_1_309' title='bbox 742 3218 779 3278; x_wconf 77' lang='lat'>¹2).</span> <span class='ocrx_word' id='word_1_310' title='bbox 819 3218 931 3279; x_wconf 85' lang='lat' dir='ltr'><strong><em>Initium,</em></strong></span> <span class='ocrx_word' id='word_1_311' title='bbox 956 3221 991 3269; x_wconf 79' lang='lat' dir='ltr'><strong><em>tlt</em></strong></span> <span class='ocrx_word' id='word_1_312' title='bbox 1011 3223 1088 3282; x_wconf 89' lang='lat' dir='ltr'><strong><em>paula</em></strong></span> 
     </span>
     <span class='ocr_line' id='line_1_37' title="bbox 126 3285 1090 3352; baseline 0.003 -20"><span class='ocrx_word' id='word_1_313' title='bbox 126 3286 282 3341; x_wconf 85' lang='lat' dir='ltr'><strong><em>immutatum,</em></strong></span> <span class='ocrx_word' id='word_1_314' title='bbox 294 3285 417 3346; x_wconf 63' lang='lat' dir='ltr'><strong><em>formavi·</em></strong></span> <span class='ocrx_word' id='word_1_315' title='bbox 433 3293 519 3349; x_wconf 88' lang='lat' dir='ltr'><strong><em>potest</em></strong></span> <span class='ocrx_word' id='word_1_316' title='bbox 531 3294 614 3336; x_wconf 88' lang='lat' dir='ltr'><strong><em>tamen</em></strong></span> <span class='ocrx_word' id='word_1_317' title='bbox 627 3287 701 3336; x_wconf 88' lang='lat' dir='ltr'><strong><em>etiam</em></strong></span> <span class='ocrx_word' id='word_1_318' title='bbox 713 3287 790 3336; x_wconf 87' lang='lat' dir='ltr'><strong><em>aliter</em></strong></span> <span class='ocrx_word' id='word_1_319' title='bbox 799 3286 917 3348; x_wconf 78' lang='lat' dir='ltr'><strong><em>farinari.</em></strong></span> <span class='ocrx_word' id='word_1_320' title='bbox 969 3285 990 3352; x_wconf 79' lang='lat'><strong><em>³)</em></strong></span> <span class='ocrx_word' id='word_1_321' title='bbox 1005 3289 1090 3337; x_wconf 89' lang='lat' dir='ltr'><strong><em>Paulli</em></strong></span> 
     </span>
     <span class='ocr_line' id='line_1_38' title="bbox 129 3351 1089 3420; baseline 0.002 -20"><span class='ocrx_word' id='word_1_322' title='bbox 129 3367 163 3400; x_wconf 82' lang='lat' dir='ltr'><strong><em>eac</em></strong></span> <span class='ocrx_word' id='word_1_323' title='bbox 179 3351 257 3414; x_wconf 78' lang='lat' dir='ltr'><strong><em>Hesp.</em></strong></span> <span class='ocrx_word' id='word_1_324' title='bbox 276 3351 348 3401; x_wconf 85' lang='lat' dir='ltr'><strong><em>libris</em></strong></span> <span class='ocrx_word' id='word_1_325' title='bbox 368 3353 519 3418; x_wconf 83' lang='lat' dir='ltr'><strong><em>(etquidem</em></strong></span> <span class='ocrx_word' id='word_1_326' title='bbox 533 3354 619 3404; x_wconf 91' lang='lat' dir='ltr'><em>XIII.</em></span> <span class='ocrx_word' id='word_1_327' title='bbox 638 3358 677 3404; x_wconf 89' lang='lat' dir='ltr'><strong><em>ael</em></strong></span> <span class='ocrx_word' id='word_1_328' title='bbox 693 3351 786 3418; x_wconf 87' lang='lat' dir='ltr'><em>XIV.)</em></span> <span class='ocrx_word' id='word_1_329' title='bbox 806 3369 869 3413; x_wconf 84' lang='lat' dir='ltr'><strong><em>esse,</em></strong></span> <span class='ocrx_word' id='word_1_330' title='bbox 889 3357 958 3420; x_wconf 82' lang='lat' dir='ltr'><strong><em>quad</em></strong></span> <span class='ocrx_word' id='word_1_331' title='bbox 974 3357 1089 3419; x_wconf 85' lang='lat' dir='ltr'><strong><em>suspica-</em></strong></span> 
     </span>
    </p>
   </div>
   <div class='ocr_carea' id='block_1_6' title="bbox 127 3417 1090 3552">
    <p class='ocr_par' dir='ltr' id='par_1_11' title="bbox 127 3417 1090 3552">
     <span class='ocr_line' id='line_1_39' title="bbox 127 3417 1090 3487; baseline 0.002 -19"><span class='ocrx_word' id='word_1_332' title='bbox 127 3425 165 3468; x_wconf 88' lang='lat' dir='ltr'><strong><em>tus</em></strong></span> <span class='ocrx_word' id='word_1_333' title='bbox 183 3434 259 3474; x_wconf 84' lang='lat' dir='ltr'><strong><em>eram‚</em></strong></span> <span class='ocrx_word' id='word_1_334' title='bbox 281 3419 309 3466; x_wconf 90' lang='lat' dir='ltr'><em>V</em></span> <span class='ocrx_word' id='word_1_335' title='bbox 311 3417 332 3466; x_wconf 72' lang='lat' dir='ltr'><strong><em>d.</em></strong></span> <span class='ocrx_word' id='word_1_336' title='bbox 352 3423 517 3484; x_wconf 81' lang='lat' dir='ltr'><strong><em>confirmauit.</em></strong></span> <span class='ocrx_word' id='word_1_337' title='bbox 553 3422 586 3470; x_wconf 92' lang='lat' dir='ltr'><strong><em>In</em></strong></span> <span class='ocrx_word' id='word_1_338' title='bbox 604 3423 760 3486; x_wconf 80' lang='lat' dir='ltr'><strong><em>restituenda</em></strong></span> <span class='ocrx_word' id='word_1_339' title='bbox 779 3424 902 3487; x_wconf 82' lang='lat' dir='ltr'><strong><em>quaedam</em></strong></span> <span class='ocrx_word' id='word_1_340' title='bbox 921 3425 1026 3474; x_wconf 87' lang='lat' dir='ltr'><strong><em>aliarum</em></strong></span> <span class='ocrx_word' id='word_1_341' title='bbox 1043 3424 1090 3471; x_wconf 83' lang='lat' dir='ltr'><strong><em>acl-</em></strong></span> 
     </span>
     <span class='ocr_line' id='line_1_40' title="bbox 127 3483 656 3552; baseline 0.006 -17"><span class='ocrx_word' id='word_1_342' title='bbox 127 3486 200 3538; x_wconf 83' lang='lat' dir='ltr'><strong><em>Iu&#39;bui.</em></strong></span> <span class='ocrx_word' id='word_1_343' title='bbox 271 3483 292 3550; x_wconf 80' lang='lat'><strong><em>⁴)</em></strong></span> <span class='ocrx_word' id='word_1_344' title='bbox 313 3486 358 3536; x_wconf 71' lang='lat' dir='ltr'><strong><em>Era</em></strong></span> <span class='ocrx_word' id='word_1_345' title='bbox 375 3487 456 3538; x_wconf 86' lang='lat' dir='ltr'><strong>Blum.</strong></span> <span class='ocrx_word' id='word_1_346' title='bbox 475 3491 509 3552; x_wconf 81' lang='lat' dir='ltr'><strong><em>ej.</em></strong></span> <span class='ocrx_word' id='word_1_347' title='bbox 545 3505 583 3538; x_wconf 92' lang='lat' dir='ltr'><strong><em>um</em></strong></span> <span class='ocrx_word' id='word_1_348' title='bbox 605 3490 633 3537; x_wconf 88' lang='lat' dir='ltr'><em>V</em></span> <span class='ocrx_word' id='word_1_349' title='bbox 634 3488 656 3538; x_wconf 66' lang='lat' dir='ltr'><strong><em>d.</em></strong></span> 
     </span>
    </p>
   </div>
   <div class='ocr_carea' id='block_1_7' title="bbox 163 3579 883 3642">
    <p class='ocr_par' dir='ltr' id='par_1_12' title="bbox 163 3579 883 3642">
     <span class='ocr_line' id='line_1_41' title="bbox 163 3579 883 3642; baseline 0.011 -8"><span class='ocrx_word' id='word_1_350' title='bbox 163 3602 284 3637; x_wconf 73' lang='lat' dir='ltr'><strong><em>triticea.</em></strong></span> <span class='ocrx_word' id='word_1_351' title='bbox 306 3601 400 3637; x_wconf 68' lang='lat' dir='ltr'><strong><em>Aurei.</em></strong></span> <span class='ocrx_word' id='word_1_352' title='bbox 421 3603 482 3642; x_wconf 70' lang='lat' dir='ltr'><strong><em>Rieu,</em></strong></span> <span class='ocrx_word' id='word_1_353' title='bbox 511 3605 554 3642; x_wconf 79' lang='grc' dir='ltr'><strong><em>ΕΙ),</em></strong></span> <span class='ocrx_word' id='word_1_354' title='bbox 575 3605 610 3640; x_wconf 84' lang='lat'><strong><em>11.</em></strong></span> <span class='ocrx_word' id='word_1_355' title='bbox 846 3579 883 3632; x_wconf 69' lang='grc'><strong><em>41</em></strong></span> 
     </span>
    </p>
   </div>
   <div class='ocr_carea' id='block_1_8' title="bbox 0 0 1330 3960">
    <p class='ocr_par' dir='ltr' id='par_1_13' title="bbox 0 0 1330 3960">
     <span class='ocr_line' id='line_1_42' title="bbox 0 0 1330 3960; baseline 0 0"><span class='ocrx_word' id='word_1_356' title='bbox 0 0 1330 3960; x_wconf 95' lang='lat' dir='ltr'><strong><em> </em></strong></span> 
     </span>
    </p>
   </div>
  </div>
 </body>
</html>
