2588 3954
300 131 304 148 .

214 171 246 218 14
537 185 563 226 o.
582 183 684 218 nvorvs
703 181 854 219 scurrone.

215 323 320 387 uerbis,
343 341 422 398 qnam
444 324 477 379 de
499 311 749 397 temporetantum
771 323 863 378 luturo
877 323 976 396 legem
998 322 1093 395 loqui?
1125 323 1187 378 -Sed

215 409 395 477 necaonem
415 417 517 482 patrem
539 425 619 463 snum
642 416 668 464 et
688 408 800 463 Brutum
821 415 848 462 et
869 407 1018 470 Manilium,
1041 409 1115 463 uiros
1137 407 1186 461 ad-
1275 429 1277 464 Ξ

214 496 300 568 prime
321 494 431 556 dootos,
461 494 597 565 quaesisse
626 495 662 547 ait
689 491 896 564 dubitasseque,
923 499 1050 547 utrumne
1069 492 1097 547 in
1119 499 1187 566 post

217 579 284 634 laeta
300 578 381 633 modo
396 578 469 648 ¹lurta
484 578 530 632 lex
545 577 663 640 ualeret,
680 593 714 632 an
730 577 807 631 etiam
824 577 851 631 in
868 583 930 632 ante
946 577 1033 632 laeta?
1056 577 1187 649 quoniam
1274 571 1277 646 ,l

216 662 395 736 ‘subruptum
411 661 479 733 erit?
498 668 643 734 utrumqne
664 669 771 737 tempus
792 661 932 716 uideretur
953 661 1112 724 ostendere,
1130 668 1187 716 tam
1276 675 1277 678 ’

215 748 391 820 praeteritum
408 763 486 819 quam
502 745 631 800 futurum.
652 777 688 786 -
706 745 773 801 Gell.
792 746 840 809 17,
858 746 886 801 t.
904 747 931 818 ὃ.
949 746 978 800 ι1.

279 829 308 886 4.
333 831 462 886 Scaeuola
478 840 580 892 autem,
597 829 627 885 P.
646 831 680 893 l.,
697 830 825 885 'iunctum
841 847 901 886 esse
915 838 993 904 putat
1008 827 1136 892 uerbum,
1155 837 1188 885 ut
1275 837 1277 846 ’

217 918 253 972 sit
269 917 298 970 in
314 932 346 970 eo
363 924 389 971 et
406 914 503 988 ‘post’
519 923 546 970 et
563 913 692 970 ‘limen':
713 921 757 977 ut,
775 931 843 988 qnae
859 914 966 969 anobis
982 915 1094 969 alienata
1110 921 1186 977 sunt,

218 1017 301 1074 quum
317 1001 349 1055 ad
365 1001 471 1055 hostem
487 1001 663 1072 peruenerint
685 1008 711 1054 et
734 1015 766 1053 en
786 1016 837 1054 suo
853 1007 980 1072 tanquam
1002 999 1093 1060 limine
1114 1000 1188 1053 exie·
1275 1061 1277 1072 Ι

217 1087 284 1148 rint,
313 1084 374 1139 dein
401 1100 483 1156 quum
504 1083 633 1139 redierint
653 1090 717 1156 post
745 1083 777 1137 ad
803 1084 877 1138 idem
895 1085 991 1148 limen,
1018 1083 1187 1157 postliminio
1275 1075 1277 1098 ¹

218 1166 364 1224 uideantur
378 1165 499 1223 rediisse.
520 1199 556 1208 -
573 1167 627 1224 Cic.
645 1169 712 1240 ’lop
731 1170 759 1224 8.
777 1169 805 1239 S.
824 1168 873 1224 37.
1275 1167 1277 1178 ⁴

282 1251 308 1311 5.
331 1249 453 1324 (Nexum)
470 1252 586 1307 llnoius:
608 1269 676 1326 qnae
691 1269 740 1327 per
756 1269 799 1307 aes
816 1259 843 1307 et
858 1251 953 1307 libram
969 1251 1047 1315 fiant,
1070 1259 1101 1306 nt
1116 1250 1189 1308 obli·
1275 1291 1277 1320 ,

219 1347 320 1412 genter
334 1345 442 1410 praeter
457 1354 525 1410 quae
541 1339 672 1410 mancipio
688 1337 796 1392 dentur.
817 1367 853 1378 ·-
870 1337 954 1392 Varro
970 1336 1003 1392 de
1018 1336 1047 1391 L.
1060 1335 1090 1391 L.
1110 1337 1137 1399 7,
1155 1335 1187 1392 5.
1270 1325 1277 1358 *²

219 1423 247 1494 §-
266 1421 389 1578 Ῑὲᾓο.)
405 1521 514 1579 qnoque
526 1505 642 1561 Mucium
657 1506 872 1561 iureconsultum
888 1505 978 1560 dicere
993 1505 1103 1560 solitum
1119 1504 1187 1579 legi,

219 1607 275 1646 non
296 1607 356 1645 esse
377 1598 533 1663 usurpatam
554 1591 706 1654 mulierem,
735 1606 802 1662 quae
830 1607 890 1644 eum
910 1588 1036 1645 Kalendis
1055 1589 1187 1644 Ianuariis
1275 1581 1277 1644 l

221 1675 291 1749 apud
312 1677 401 1729 uirum
422 1675 584 1731 matrimonii
605 1691 685 1730 cansa
706 1691 766 1730 esse
787 1675 934 1748 coepisset,
958 1683 1019 1730 ante
1040 1674 1109 1728 diem
1129 1671 1188 1730 1111.

220 1759 351 1814 Kalendas
366 1759 500 1814 lanuarias
516 1768 661 1833 sequentes
677 1766 835 1832 usurpatum
849 1760 931 1814 isset:
947 1775 1002 1814 non
1018 1760 1087 1814 enirn
1104 1774 1191 1832 posse
1236 1813 1247 1831 ,

220 1845 326 1916 impleri
347 1845 517 1906 trinoctium,
547 1844 620 1917 qnod
641 1843 734 1899 abesse
760 1845 856 1899 auiro
878 1843 1026 1916 usurpandi
1053 1859 1132 1898 cansa
1153 1859 1190 1898 ex

221 1929 361 1984 duodecim
377 1927 475 1983 tabulis
497 1927 622 1991 deberet,
646 1929 772 2005 qnoniam
793 1929 889 1984 tertiae
909 1930 996 1983 noetis
1016 1927 1189 2000 posteriores

202 2029 269 2068 sex
285 2013 366 2067 horae
382 2013 492 2068 alterins
515 2014 578 2087 anni
598 2021 702 2076 essent,
725 2013 771 2086 qui
792 2015 924 2087 inoiperet
945 2029 978 2067 ex
993 2011 1127 2067 Kalendis.
1148 2041 1187 2050 —

222 2097 288 2152 Gell.
307 2098 335 2160 3,
353 2097 381 2152 2.
399 2097 446 2168 83.
466 2095 514 2152 12.
533 2097 582 2154 13.

285 2179 310 2239 7.
337 2181 458 2254 Itemque
482 2189 510 2236 nt
530 2181 613 2237 illud:
641 2181 760 2237 Gentiles
781 2189 859 2244 sunt,
881 2183 928 2254 qni
947 2183 1019 2236 inter
1040 2197 1069 2236 se
1090 2179 1188 2235 eodem

222 2268 330 2321 nomine
346 2274 418 2320 sunt.
443 2265 502 2320 Non
518 2274 559 2321 est
575 2268 649 2321 sotis
674 2266 724 2334 Qut
740 2266 771 2321 alr
787 2267 912 2340 ingenuis
929 2265 1036 2321 oriundi
1051 2273 1123 2320 sunt.
1147 2264 1190 2319 Ne

221 2350 249 2405 id
261 2350 368 2423 quidem
381 2351 445 2404 satis
457 2357 507 2405 est.
526 2349 645 2417 Quorum
658 2353 786 2410 maiorum
799 2368 878 2406 nemo
891 2352 1049 2417 seruitutem
1061 2350 1189 2404 serniuit.

223 2434 306 2490 Abest
321 2436 400 2490 etiarn
416 2450 496 2490 nune.
522 2434 572 2502 Qui
589 2437 675 2510 eapite
691 2453 746 2491 non
759 2444 823 2490 sunt
836 2434 976 2490 deminuti.
1000 2433 1059 2490 Hoo
1070 2433 1191 2489 iortasse
1275 2427 1277 2438 ’

222 2521 288 2593 satis
303 2527 353 2574 est.
383 2518 454 2574 Nihil
470 2522 540 2575 enim
561 2520 641 2575 uideo
657 2519 812 2576 Scaeuolam
832 2517 988 2592 pontificem
1004 2518 1035 2573 ad
1052 2519 1120 2575 lianc
1140 2517 1191 2573 de·

223 2603 372 2660 linitionem
388 2603 531 2660 addidisse.
551 2636 587 2645 -
605 2604 657 2661 Cic.
675 2606 746 2678 Top.
761 2604 788 2660 6.
806 2605 823 2676 3
841 2603 890 2660 29.

504 2740 668 2802 Aliunde,
691 2747 727 2794 nt
749 2739 897 2794 videtur.

287 2857 315 2914 8.
337 2856 495 2922 Pontifices,
521 2866 551 2913 nt
566 2856 597 2924 Q.
615 2857 743 2912 Scaeuola
758 2856 880 2930 pontifex
896 2857 1024 2912 maximus
1039 2854 1156 2918 dicebat,
1175 2872 1192 2912 a

223 2960 305 3016 posse
321 2951 348 2998 et
364 2943 461 2999 lacere.
481 2974 518 2984 —
535 2943 618 2996 Varro
635 2941 668 2997 de
683 2941 712 2996 L.
730 2939 759 2996 L.
777 2941 805 3005 5,
824 2941 873 2997 15.
890 2942 918 3012 S.
936 2941 986 2998 83.-

288 3025 316 3084 9.
340 3027 460 3092 Praetor,
477 3028 522 3101 qni
538 3033 596 3081 tum
612 3023 660 3098 (se.
674 3026 768 3082 diebus
784 3026 859 3082 lastis
875 3028 926 3080 tria
941 3023 1033 3098 uerba)
1049 3023 1120 3079 latus
1136 3032 1190 3088 est,
1273 3089 1277 3108 Ι

224 3113 247 3167 si
267 3113 423 3187 imprudens
444 3114 522 3175 lecit,
550 3109 677 3184 piaculari
697 3113 786 3167 hostia
806 3112 875 3166 laeta
895 3111 997 3184 piatur;
1025 3110 1048 3164 si
1068 3107 1185 3183 prudens

224 3197 304 3260 dixit,
321 3197 352 3265 Q.
367 3197 467 3252 llncins
484 3195 648 3271 ambigebat,
665 3213 725 3252 enm
742 3197 842 3270 expiari
857 3202 888 3250 ut
902 3195 1014 3268 impium
1027 3211 1083 3249 non
1094 3209 1185 3267 posse.
1275 3257 1277 3262 Ι

228 3311 264 3322 -
281 3283 364 3337 Varro
381 3281 414 3337 de
429 3281 459 3336 L.
475 3281 505 3337 L.
524 3282 552 3344 6,
568 3279 598 3336 4.
616 3281 643 3354 S.
662 3282 711 3340 30.
1274 3303 1277 3358 q

287 3364 334 3424 10.
360 3365 469 3422 Praeter
489 3366 599 3422 multam
619 3363 686 3423 uero
707 3363 903 3427 affirmabatur,
925 3381 1001 3426 enm,
1024 3364 1070 3436 qui
1091 3360 1189 3416 talibus
1273 3361 1277 3428 ξ

225 3450 319 3506 diebus
335 3448 383 3522 (se.
401 3449 486 3524 leriis)
507 3453 662 3524 imprudens
685 3449 786 3524 aliquid
808 3451 923 3522 egisset,
946 3464 1030 3522 porco
1051 3446 1189 3521 piaculum
1275 3431 1277 3474 ⁵
