2634 3960
198 151 248 200 250
327 149 329 156 '
479 163 540 200 uuir
559 163 663 199 nrsrrr.
682 149 723 200 lll.
744 151 885 201 lto-tte.

200 305 381 370 ’surrupuit
393 321 504 364 anonae
516 320 684 365 roanronn.
694 297 734 340 ¹⁶⁸
756 304 855 362 deinde
867 321 926 361 asse
941 306 1060 377 pereutit
1078 304 1174 362 libram

199 405 318 464 eumque
333 389 383 448 dot
398 394 438 452 ei,
461 407 476 446 a
491 406 546 463 quo
561 388 702 452 liberatur.
725 389 811 447 ueluti
835 388 961 446 soluendi
975 405 1063 446 eausa.
1110 387 1171 448 tat.

121 528 123 532 .
199 475 328 534 sunilitor
350 475 496 548 legatarius
517 474 649 532 heroden
671 473 767 531 eodan
794 473 876 534 nouo
899 471 996 532 liberat
1016 473 1172 548 delegato.

200 559 273 634 quod
289 576 339 633 per
354 559 554 618 damnationem
567 560 692 618 relietum
713 565 768 620 est,
800 566 829 613 ut
851 566 942 614 tarnan
964 558 1096 628 ’minoen
1124 559 1175 616 ott

199 661 259 717 quo
272 644 308 700 de
322 660 407 702 neum
428 645 514 702 ‹dteri
534 642 698 703 domatum
717 636 766 698 se⁹
788 659 848 700 esse
870 641 1066 716 'signficatur
1093 643 1173 699 heros

200 733 227 786 oi
247 745 280 787 so
299 735 468 788 testamento
489 727 561 783 dare
582 720 759 786 damnatum⁹
781 743 844 784 esse
857 727 936 782 dieat.
983 726 1017 782 de
1032 743 1065 782 eo
1082 735 1173 784 tannen

199 820 311 870 tontum
326 821 417 885 potest
434 813 487 868 hoo
501 812 582 868 modo
598 811 719 876 liberari,
736 811 808 886 quod
823 811 960 885 pondere,
977 827 1092 867 numero
1107 829 1173 867 oon·

132 905 188 956 tit.
199 904 267 960 stet,
289 905 318 954 et
331 898 381 962 ita,
403 898 425 954 si
441 905 549 956 cortun
561 899 611 954 sit:
637 896 745 970 quidam
767 905 793 954 et
814 895 847 954 de
863 912 911 960 eo,
929 889 934 972 Ι
952 896 1026 970 quod
1046 912 1173 954 mensura

199 990 321 1045 nomint,
339 973 474 1039 'idern¹60
491 982 653 1040 existimant.

263 1062 325 1126 tid.
349 1065 490 1122 Praeterea
504 1067 652 1125 donatione
668 1066 773 1123 tollitur
789 1063 933 1139 obligatio,
957 1065 1044 1122 ueluti
1058 1067 1082 1122 si
1097 1064 1172 1138 quod

198 1160 229 1208 tu
249 1153 314 1208 milri
335 1149 447 1214 debeas,
475 1149 577 1207 alitio
599 1151 655 1208 dari
676 1151 823 1224 stipulatus
844 1151 908 1213 sirn;
935 1167 997 1206 nam
1011 1151 1170 1206 interuentu

199 1253 285 1295 nouae
315 1252 447 1309 personae
478 1252 548 1292 noua
579 1237 699 1295 irascitur
729 1233 859 1308 obligatio
889 1242 917 1291 et
948 1236 1035 1308 prima
1062 1233 1172 1298 tollitur

199 1320 328 1379 translata
348 1322 377 1376 iu
398 1321 593 1392 posteriorem,
622 1320 689 1376 adeo
711 1328 741 1376 ut
764 1319 915 1383 interdum,
942 1319 1006 1382 lieet
1031 1320 1171 1393 posterior

73 1416 76 1432 '
106 1435 107 1438 ¹
198 1404 339 1478 stipulatio
357 1405 461 1462 inutilis
481 1405 530 1468 sit,
558 1414 647 1462 tamen
674 1405 759 1478 prima
780 1405 935 1462 nouatiouis
963 1405 1022 1459 iure
1048 1402 1169 1463 tollatur,

200 1491 287 1546 ueluti
297 1492 321 1544 si
337 1488 410 1564 quod
426 1489 489 1544 mihi
505 1488 601 1552 deltos.
619 1506 632 1544 a
649 1489 719 1547 'litio
735 1495 930 1562 postmortem
946 1490 1004 1544 eius
1020 1489 1065 1544 uel
1081 1504 1096 1542 a
1111 1503 1170 1544 mu·

198 1575 264 1630 liere
286 1573 426 1646 pupilloue
447 1575 505 1628 sine
526 1575 624 1631 tutoris
646 1573 807 1630 auotoritate
827 1573 971 1647 stipulatus
992 1572 1087 1634 luero:
1115 1589 1169 1646 quo

199 1673 263 1713 casu
278 1674 335 1713 rem
351 1659 458 1720 amitto;
485 1674 547 1714 nam
562 1667 590 1714 et
605 1659 680 1731 prior
695 1656 801 1714 debitor
818 1658 961 1722 liberatur,
989 1664 1016 1714 et
1031 1657 1170 1731 posterior

199 1741 328 1816 obligatio
351 1741 425 1798 nulla
446 1749 497 1797 est.
535 1760 591 1799 non
612 1743 683 1798 idern
698 1743 764 1799 iuris
780 1750 836 1806 est.
858 1744 881 1798 si
897 1759 912 1797 a
926 1758 1008 1798 seruo
1024 1741 1168 1815 stipulatus

198 1825 291 1890 luero;
317 1843 378 1883 nana
398 1835 464 1884 tnnc
484 1825 588 1900 (prior)
609 1827 725 1900 prolude
746 1828 835 1889 adlsuo
857 1827 994 1902 obligatus
1010 1818 1166 1887 ’tenetur.¹

198 1929 228 1967 ae
249 1913 272 1967 si
292 1921 389 1986 ponet
408 1929 422 1967 a
444 1911 522 1969 nullo
540 1911 685 1986 stipulatus
706 1911 826 1968 fuissem.
873 1909 932 1970 ΡΠ.
957 1911 1010 1968 Sed
1032 1912 1053 1966 si
1076 1910 1168 1966 eadum

197 2011 314 2072 persona
328 1998 378 2060 sit,
405 2013 488 2070 aqna
502 2006 598 2071 postea
613 1997 741 2072 stipuler,
768 1999 804 2052 ita
820 1997 927 2053 denium
944 1997 1055 2052 nouatlo
1072 1994 1118 2059 itt,
1146 1997 1170 2051 si
1222 1993 1228 2001 '

198 2081 262 2156 quid
283 2082 311 2140 iu
330 2082 484 2156 posteriore
499 2082 674 2156 stipulatione
690 2084 755 2140 noui
771 2083 821 2147 sit,
837 2083 910 2138 lorte
929 2083 952 2138 si
967 2082 1092 2139 eondiolo
1109 2082 1169 2138 'uel

196 2166 255 2222 dies
290 2170 338 2224 uel
372 2161 509 2239 sponsor²
539 2167 669 2229 adiciatur
702 2175 748 2222 aut
783 2169 951 2224 detrahatur.
1017 2165 1079 2226 17&
1115 2166 1169 2222 Sed

198 2251 272 2325 quod
297 2251 330 2306 de
353 2267 488 2324 sponsore
509 2252 574 2313 dini,
603 2268 658 2308 uon
680 2258 802 2307 oonstut:
833 2269 893 2308 narn
914 2251 1037 2312 diuersae
1057 2251 1168 2307 sedulae

197 2334 351 2390 auctoribus
373 2335 486 2409 placuit,
515 2336 583 2392 nihil
611 2337 643 2392 ad
666 2336 841 2392 nouatlonenr
868 2335 1001 2412 prolicere
1026 2337 1167 2410 sponsoris

198 2418 374 2499 adiectionem
401 2427 446 2474 aut
472 2420 676 2476 detractionem.
730 2417 793 2480 1⁷9.
824 2419 902 2488 Quod
928 2429 1016 2478 antem
1041 2421 1167 2485 diximus,

199 2601 241 2665 ¹¹³⁸)
270 2602 315 2652 Ero
340 2615 395 2652 meu
420 2603 454 2664 qi.
483 2603 773 2665 cerinldelogeiurelligat'
802 2603 894 2656 Sched.
920 2605 963 2657 Bl.
1008 2604 1082 2655 Unde
1103 2605 1167 2654 idem

199 2669 335 2734 (Zeltrodr.
347 2671 368 2732 μ’.
381 2669 412 2719 R.
428 2669 457 2718 u.
472 2669 531 2718 III.
543 2673 642 2733 p.ttu):
656 2673 754 2734 perinde
766 2673 820 2732 lego
829 2675 881 2722 iure
893 2675 1016 2735 relliflatue
1027 2674 1068 2722 uel
1079 2672 1166 2722 libera·

197 2748 243 2790 tus.
272 2736 322 2802 Bp.
341 2739 430 2788 edu:
454 2751 603 2795 senatore
626 2753 721 2788 arnna.
745 2753 820 2789 nnus
842 2755 902 2790 nm
925 2752 1033 2792 mum
1057 2753 1167 2790 rnrunu

197 2819 365 2858 rosunum
381 2818 463 2855 rnnro
477 2819 552 2855 nean
569 2821 644 2856 pron
663 2821 730 2856 πη
749 2819 913 2860 orarunrvs.
957 2807 980 2872 9)
1000 2808 1040 2857 De
1057 2823 1115 2857 mea
1131 2810 1166 2870 ej.

196 2877 304 2924 restitui.
336 2875 430 2923 seilioet
446 2875 510 2923 uiant
526 2875 646 2924 iudicetur
663 2875 761 2924 domnos
785 2891 819 2926 ex
842 2891 920 2926 consa
941 2876 1041 2924 iudicati
1065 2890 1092 2924 se
1114 2889 1167 2922 esse

198 2943 331 3003 signifieat,
345 2943 378 2990 ita
392 2942 462 2991 lieres
474 2948 621 2992 tentamento
634 2944 699 2993 dare
711 2943 810 2994 domnas
822 2959 851 2994 re
869 2959 921 2994 essa
933 2944 1005 2992 dieat.
1023 2940 1073 3006 Bp.
1087 2942 1128 2991 ed.
1144 2951 1165 2991 5.

198 3007 241 3073 ¹⁸⁰)
254 3010 304 3062 ind
318 3009 346 3060 O.
364 3011 552 3072 intellepoudutn
565 3011 605 3064 ed
620 3010 670 3074 Bp.
720 3009 741 3074 ¹)
759 3019 839 3061 manet
857 3011 923 3064 Inet.
937 3011 1040 3060 reatino.
1087 3005 1108 3075 ²)
1129 3011 1166 3059 uel

197 3092 299 3141 sponsor
311 3078 378 3126 adies
390 3075 418 3127 0.
438 3079 474 3127 uel
488 3078 539 3128 dies
552 3085 592 3128 aut
604 3094 706 3142 sponsor
719 3081 760 3129 ed.
775 3079 826 3144 Bp.
845 3079 886 3141 Cf.
902 3078 1004 3129 ‘Gaius’
1016 3093 1044 3141 p.
1060 3086 1105 3130 101.

203 3180 403 3191 ··-·-·-
1303 3165 1306 3212 l

196 3247 222 3316 §1
237 3250 292 3300 tto.
313 3248 353 3311 op
369 3247 419 3298 otc.
433 3249 465 3297 de
477 3248 551 3312 tepu.
564 3258 584 3307 n,
599 3257 630 3300 tt.
644 3251 676 3301 tl.
747 3244 773 3316 Β
788 3249 845 3299 ltu.
857 3267 892 3292 =
905 3247 933 3312 St
946 3257 966 3301 a.
981 3247 1005 3297 I.
1018 3246 1085 3313 quib.
1098 3248 1166 3300 mod.

197 3317 246 3368 obt.
260 3319 313 3369 tott.
325 3315 355 3379 (a,
370 3315 415 3380 aet
435 3314 475 3378 Of.
486 3315 616 3380 Triopan.
628 3317 659 3370 tu.
680 3316 752 3380 lipia.
764 3327 787 3375 a,
797 3325 817 3384 o.
831 3315 860 3380 g.
870 3325 901 3366 u.
914 3331 996 3382 supra
1007 3323 1028 3372 t
1038 3323 1072 3364 te.
1085 3325 1105 3373 u,
1118 3323 1165 3366 tue.

198 3393 242 3435 rou.
257 3393 302 3435 ros.
318 3393 362 3433 nn
386 3383 419 3436 n.
435 3383 747 3447 r.1).denoeat.(ao,at.
828 3381 927 3451 §itt
945 3393 980 3428 aa
996 3381 1023 3446 s
1037 3387 1060 3432 n
1079 3383 1104 3433 Ι.
1122 3383 1165 3431 cit.

263 3447 289 3516 ᾗ.
304 3453 361 3502 tte.
379 3465 414 3496 κ
431 3449 458 3516 8,
472 3461 499 3501 t..
510 3451 535 3504 1‘.
549 3453 591 3501 uit.
613 3452 652 3516 ΒΓ.
666 3451 698 3502 t.
711 3459 747 3503 to.
764 3450 811 3515 88.
827 3463 846 3502 t,
857 3462 877 3504 t.
895 3452 928 3504 D.
941 3453 973 3502 de
984 3456 1055 3514 part.
1068 3447 1104 3512 (t,
1120 3449 1165 3513 tt).
