2648 3974
420 184 561 220 vonvsrvs
581 183 742 222 uxrcrxnvs
762 173 856 223 8-16,
1072 175 1122 223 331

144 329 212 382 item
239 341 267 380 as
293 326 322 380 in
348 323 491 380 duodecim
513 334 603 400 partes
628 326 813 392 duodecimam
845 335 977 384 uocantur
998 327 1122 402 singulae

145 412 256 473 unciae,
281 411 357 464 cuius
378 416 443 464 uota
462 440 509 464 -.
861 482 863 487 ,

204 493 240 550 ·8.
265 493 337 549 Haec
358 494 435 550 uelut
457 494 591 550 clementa
613 496 620 515 '
627 497 784 569 primaeque
805 499 872 552 assis
894 489 1123 554 distributiones⁵

145 579 338 654 aequalitatem
360 587 481 633 seruant.
528 581 551 636 si
571 580 634 653 qnid
650 580 812 653 quibusdam
828 598 920 636 earum
937 581 1061 636 detrahas
1078 580 1122 636 uel

147 663 288 724 conferas,
316 662 382 718 lient
408 662 540 736 dispares,
590 661 619 720 9.
650 658 772 732 'Quanel
798 667 820 720 si
847 665 986 738 ⁹(semissi
1006 670 1123 721 undam
1154 667 1156 669 ’

145 750 301 816 detrahes,
330 750 377 803 uel
393 741 449 819 ei)⁷
477 748 618 821 quadranti
644 758 795 806 sextantem
825 750 871 807 uel
896 751 990 806 trienti
1016 752 1122 806 unciam

145 826 280 906 applices,
306 831 387 887 iacies
408 833 601 905 quincuncem,
631 836 677 907 qui
698 841 806 890 constat
826 852 859 890 ex
880 837 1001 910 quinque
1024 835 1121 896 unciis,

146 919 200 974 hoc
215 925 257 972 est
274 917 393 989 quinque
410 915 575 980 undecimls;
597 917 837 991 nota'quincuncis
848 913 1028 986 τεὴ-..8
1072 917 1120 977 10.

145 1002 176 1058 si
191 1002 299 1056 semissi
315 1000 433 1074 applices
450 1003 564 1062 unciam,
580 1002 626 1058 nel
638 1005 784 1075 quincunci
796 1013 954 1067 sextantem,
972 1002 1017 1060 uel
1029 1004 1123 1058 trienti

145 1085 338 1160 quadrantem,
362 1083 464 1140 eifieies
486 1094 660 1158 septuneem,
682 1087 735 1142 boc
756 1095 798 1142 est
813 1096 918 1162 septem
934 1088 1122 1151 duodecimam

146 1179 212 1226 nota
227 1171 366 1242 septuneis
382 1169 458 1224 S-.
504 1167 542 1228 ll.
568 1170 596 1226 Si
616 1173 740 1244 septunei
757 1173 919 1244 applicueris
934 1173 1054 1233 unciam,
1078 1172 1123 1226 uel

146 1257 254 1311 semissi
268 1261 433 1317 sextantem,
458 1255 502 1310 uel
518 1257 662 1328 quincunci
679 1256 871 1329 quadrantem,
895 1258 939 1314 uel
955 1258 1048 1312 trienti
1064 1263 1123 1311 tan·

146 1338 276 1402 tundere,
303 1339 384 1394 iacies
407 1337 528 1402 bessem,
555 1339 582 1394 id
605 1347 647 1394 est
662 1340 834 1396 duodecimas
851 1349 927 1404 ecto;
955 1348 1020 1396 nota
1035 1339 1121 1408 bessis

147 1424 223 1480 S=.
268 1421 314 1481 12.
339 1423 365 1478 Si
388 1421 459 1478 bessi
481 1424 642 1498 applicueris
665 1426 784 1486 unciam,
810 1426 854 1482 uel
875 1427 999 1500 septunei
1014 1433 1122 1481 sextan-

148 1517 212 1572 tem,
224 1508 269 1564 uel
280 1509 384 1562 semissi
398 1508 583 1580 quadrantem,
596 1508 641 1564 uel
654 1511 799 1582 quincunei
811 1512 946 1576 trientem,
960 1510 1121 1566 dodrantem

146 1592 264 1656 efficies,
288 1593 341 1648 boc
362 1601 404 1648 est
424 1609 523 1648 nouem
539 1593 726 1658 duodecimas;
749 1602 814 1650 nota
829 1595 969 1652 dodrantis
986 1595 1120 1650 S=-.

146 1674 191 1734 13.
217 1677 245 1732 Si
261 1677 386 1732 dodranti
402 1677 565 1750 applicueris
589 1675 705 1740 unciam,
732 1678 775 1734 uel
797 1679 869 1735 bessi
884 1688 1050 1743 sextantem,
1076 1678 1121 1734 uel

147 1764 272 1837 septunci
290 1761 481 1834 quadrantem,
500 1762 542 1818 uel
557 1764 663 1818 semissi
679 1764 818 1826 trientem,
842 1765 886 1820 uel
903 1766 1048 1836 quincunei
1063 1773 1122 1819 tan·

148 1847 275 1910 tundam,
298 1845 378 1900 iacies
395 1845 565 1910 dextantem,
587 1848 641 1903 hoc
663 1856 705 1904 est
720 1847 812 1902 decem
827 1857 918 1922 partes
931 1849 1121 1918 ¹duodecimas;

149 1940 215 1988 ncta
242 1931 378 1986 dextantis
394 1931 466 1985 S:
477 1953 528 1986 =.
574 1928 618 1988 14.
643 1932 670 1988 Si
692 1933 813 1996 dextanti
829 1933 990 2006 applicueris
1006 1933 1120 1994 unciam,

150 2017 195 2072 uel
215 2015 340 2071 dodranti
362 2024 528 2079 sextantem,
555 2017 601 2072 uel
622 2015 694 2072 bessi
717 2017 908 2090 quadrantem,
936 2017 981 2072 uel
997 2017 1123 2089 septnnei

149 2102 291 2162 trientem,
314 2100 359 2155 uel
374 2103 481 2175 semissi
497 2102 689 2174 quincuncem,
712 2102 792 2156 iacies
807 2101 954 2163 deuncem,
971 2101 997 2156 id
1013 2108 1055 2155 est
1071 2117 1120 2154 un·

148 2185 235 2240 decim
251 2184 438 2248 ‹luodecimas;
466 2194 531 2240 nota
546 2185 657 2240 deuneis
674 2187 746 2241 S=
756 2207 800 2234 =
811 2216 859 2240 —.

204 2265 247 2326 15.
277 2268 316 2324 Ex
341 2271 382 2324 bis
409 2279 534 2342 apparet,
561 2271 594 2326 in'
616 2287 681 2344 quas
703 2279 793 2344 partes
816 2271 978 2344 aequaliter,
1004 2271 1122 2342 inques

149 2355 269 2428 dispares
296 2369 323 2408 as
338 2354 496 2410 ,diuidatum
549 2353 608 2422 Quo
634 2363 726 2414 tamen
751 2354 855 2410 facilius
877 2363 905 2410 et
928 2355 1056 2409 memoria
1078 2370 1121 2408 res

148 2446 290 2510 teneatur,
304 2455 408 2494 summa
423 2438 565 2495 diuisionis
582 2441 648 2496 baec
663 2448 714 2495 est.
752 2439 782 2494 ln
798 2456 857 2495 asse
873 2446 937 2496 sunt
953 2440 1047 2494 unciae
1062 2455 1117 2501 xxx,

150 2523 204 2576 boe
219 2529 261 2576 est
275 2530 365 2595 partes
381 2523 556 2579 duodecimae
572 2524 729 2588 duodecim,
754 2527 848 2580 unciae
864 2531 891 2579 et
906 2523 984 2580 binae
1000 2524 1122 2579 sextulae

150 2622 267 2669 nouem,
294 2609 347 2662 hoc
368 2617 409 2663 est
429 2625 529 2664 nouem
550 2625 653 2672 nouae;
679 2611 834 2665 sescunciae
856 2616 933 2672 octo,
959 2609 985 2663 id
1001 2616 1043 2664 est
1059 2615 1122 2663 octo

150 2699 276 2753 octauae;
302 2700 441 2748 sextantes
463 2709 524 2756 sex,
544 2695 579 2748 id
601 2701 643 2748 est
658 2711 705 2749 sex
721 2702 811 2766 partes
827 2702 932 2756 sextam
958 2693 1122 2767 quadrantes

148 2783 293 2849 quattuor,
314 2776 342 2831 id
358 2784 399 2832 est
415 2785 545 2850 quattuor
559 2786 649 2851 partes
666 2786 791 2851 quartam
813 2781 928 2835 trientes
945 2786 1015 2840 tres,
1038 2777 1123 2831 idest
1166 2834 1170 2842 ,

149 2869 206 2915 tres
220 2868 311 2934 partes
327 2863 437 2923 tertiam
459 2863 586 2917 semisses
603 2863 671 2926 duo,
695 2863 722 2916 id
738 2871 780 2918 est
795 2863 863 2918 duae
879 2869 969 2937 partes
986 2859 1119 2916 dimidiae.

147 2939 193 3002 16.
216 2945 328 3002 Ceterae
348 2954 439 3018 partes
460 2947 627 3019 inaequalem
647 2947 749 3002 iaciunt
765 2947 934 3002 diuisionem.
974 2947 1002 3000 in
1018 2945 1122 3000 deunce

150 3125 302 3190 ⁵)·Seripsi‚·
319 3128 411 3192 primae
423 3128 451 3176 de
464 3143 518 3176 asse
530 3129 705 3178 distributionis
718 3129 749 3178 P.
767 3130 798 3180 V.
813 3131 872 3182 edd,
898 3128 937 3192 Of.
951 3126 977 3192 3.
991 3137 1040 3179 ab:
1059 3130 1123 3178 inter

148 3196 285 3257 superiores
297 3198 432 3260 primasque
445 3196 583 3245 diuisiones.
624 3195 645 3254 ⁶)
658 3199 674 3245 ἰ.
688 3213 710 3246 e.
724 3198 841 3248 videlicet
852 3199 892 3247 oet
903 3199 996 3261 itaque,
1009 3203 1037 3244 ut
1049 3196 1123 3256 infru

148 3258 177 3324 S.
190 3269 223 3308 tx.
259 3260 281 3326 ⁷)
300 3263 387 3318 Haec,
401 3279 465 3326 pune
477 3265 595 3327 supplevi
600 3303 606 3321 ,
620 3265 760 3321 caecidisse,
773 3266 933 3327 menifestum
945 3271 984 3313 est
997 3279 1031 3312 ece
1044 3261 1121 3312 verbo

151 3329 262 3378 detrahes
275 3327 301 3392 3.
315 3339 335 3379 8.
377 3329 397 3392 ⁸)
414 3331 539 3381 Usitctior
551 3339 591 3381 est
601 3333 628 3380 iu
640 3335 803 3382 monumentis
815 3333 972 3394 buecfipure
982 3348 1017 3372 =
1029 3355 1061 3364 -
1073 3347 1122 3384 =.·

146 3398 197 3448 sed
214 3398 301 3448 debis
318 3400 425 3464 aliisque
442 3399 619 3456 varietatibus,
639 3401 727 3464 quitus
744 3402 770 3449 ie
787 3401 826 3450 bis
843 3402 910 3449 notis
931 3405 1030 3448 veteres
1047 3399 1122 3446 laceru-

148 3467 213 3514 rt'ati
222 3471 291 3530 sunt,
304 3467 350 3516 adi
361 3467 460 3517 Mario.
475 3467 534 3516 Atei
545 3469 577 3516 de
587 3468 653 3530 frat.
667 3468 733 3518 Arc.
746 3468 763 3517 I
767 3506 771 3520 .
783 3484 811 3532 p.
826 3475 943 3518 att-230.
958 3472 1077 3516 tos-261.
