2634 3960
194 154 245 200 530
365 184 369 194 .
399 164 514 198 nonrrrr
535 164 650 198 VLPtAttl
662 147 693 212 l.)
714 163 749 195 nra
769 161 850 195 enan.
870 143 961 210 corsa:

258 305 283 362 1.
309 305 411 360 Gradus
428 307 622 378 cognationum
638 301 807 377 appellantur
822 301 853 357 air
870 319 917 365 eo,
935 303 1009 375 quod
1030 319 1171 377 personae

196 398 374 464 cogrratorum
390 389 455 444 aliae
471 389 649 462 proximiore,
672 387 737 442 aliae
752 386 877 459 longiore
899 387 985 460 gradu
1001 395 1065 442 sunt
1085 396 1112 444 et
1128 387 1171 442 ob

195 475 222 529 id
243 476 320 547 quasi
342 473 472 547 gradatim
494 472 579 528 altera
599 471 710 526 alteram
738 470 882 526 antecedit.
928 469 956 527 2.
982 471 1081 527 Omnes
1102 472 1169 545 pei·

195 575 278 614 sonae
298 566 477 631 cognatorum
499 563 544 612 aut
571 571 652 630 supra
673 563 863 617 numerantur,
892 561 937 609 aut
958 555 1042 617 inira,
1064 565 1109 611 aut
1131 573 1165 611 en

197 651 353 698 transuerso
374 642 432 696 siue
453 658 468 694 a
489 640 581 696 latere.
634 656 714 712 supra
735 646 912 694 numerantur
932 647 1072 712 parentes:
1093 639 1165 695 inira

199 727 289 782 liberi:
312 743 345 781 err
361 735 517 780 transuerso
534 729 591 780 siue
613 725 727 779 alatere
742 723 839 778 iratres
860 731 886 778 et
901 740 1011 780 sorores
1033 723 1170 797 liberique

196 803 314 872 eorum;v
332 811 396 865 item
423 810 576 881 parentium
602 809 699 863 iratres
723 816 750 864 et
774 823 884 863 sorores
906 807 1037 880 liberique
1059 825 1165 863 eorum.

195 892 223 951 3.
247 894 339 948 Primo
366 891 452 966 gradu
478 909 559 966 supra
587 900 665 966 pater
691 900 718 947 et
739 899 841 946 matera
862 891 931 945 inlra
958 890 1029 946 filius
1051 901 1078 947 et
1099 891 1164 946 iilia.

195 977 225 1044 4,
249 977 374 1034 Secundo
390 994 471 1050 supra
487 993 568 1040 auus,
594 978 666 1032 auia:
689 976 758 1031 inira
773 991 872 1049 nepos,
897 977 999 1049 neptis:
1023 993 1056 1030 er
1076 983 1168 1030 trans·

198 1079 278 1117 uerso
301 1061 384 1116 irater
404 1070 431 1116 et
452 1077 545 1124 soror:
568 1061 631 1116 hine
652 1061 721 1115 enim
744 1068 917 1115 transuersus
938 1061 1032 1132 insipit
1052 1060 1166 1133 gradus.

195 1145 222 1203 5.
248 1147 340 1202 Tertio
357 1163 438 1218 supra
455 1162 589 1218 proauus,
611 1147 735 1217 proauia:
756 1144 826 1199 inira
840 1161 992 1218 pronepos,
1008 1145 1167 1217 proneptis:

196 1250 231 1286 er
245 1240 402 1286 transuerso
419 1231 509 1284 fratris
526 1238 553 1284 et
569 1231 671 1284 sororis
694 1227 764 1284 lilius
787 1235 814 1283 et
835 1227 901 1289 lilia:
924 1235 1052 1301 patruus,
1076 1231 1167 1290 amita,

194 1317 222 1370 id
249 1324 291 1371 est
316 1316 400 1388 patris
428 1313 511 1368 irater
538 1321 680 1371 etseras:
703 1312 868 1374 auunculus,
896 1320 1054 1375 matertera,
1075 1311 1102 1366 id
1124 1322 1168 1368 est

196 1401 287 1454 matris
316 1400 399 1453 irater
426 1406 454 1452 et
480 1414 569 1452 soror.
622 1392 649 1452 6.
682 1395 782 1464 Quarto
809 1412 891 1469 supra
918 1395 1033 1458 ahauus,
1061 1396 1167 1452 abauia:

196 1485 265 1538 inira
282 1481 410 1555 abnepos,
428 1480 564 1552 abneptis:
588 1497 620 1535 ex
636 1490 793 1535 transuerso
810 1481 900 1535 fratris
917 1487 945 1535 et
960 1482 1062 1535 sororis
1080 1497 1167 1554 nepos

197 1574 224 1621 et
239 1567 341 1638 neptis;
364 1572 477 1638 patruus
498 1581 612 1637 magnus
634 1571 661 1618 et
683 1566 762 1619 amita
783 1581 892 1638 magna,
914 1564 941 1618 id
963 1572 1005 1619 est
1025 1566 1067 1618 ani
1084 1562 1169 1619 irater

198 1657 225 1704 et
240 1665 333 1712 soror;
357 1648 507 1730 auunculus
529 1664 658 1720 magnus,
681 1655 826 1704 matertera
847 1663 957 1722 magna,
979 1647 1069 1704 idest
1091 1651 1168 1703 auiae

197 1721 281 1789 irater
297 1741 325 1789 et
339 1749 431 1795 soror;
456 1732 522 1788 'hoc
544 1730 631 1806 gradu
652 1740 716 1787 sunt
736 1734 817 1788 etiam
839 1734 942 1805 patrui,
965 1734 1059 1788 amitae
1081 1749 1167 1787 auun-

197 1818 265 1880 culi,
289 1825 449 1873 materterae
477 1812 557 1878 iilii,¹
580 1816 773 1879 consobrinus,
796 1815 972 1878 consobrina,
999 1817 1026 1871 id
1052 1824 1094 1872 est
1120 1818 1167 1889 qui

198 1918 302 1976 quaeue
318 1919 350 1957 ex
366 1899 496 1955 iratribus
512 1908 558 1956 aut
575 1900 730 1962 sororibus,
753 1908 798 1954 aut
819 1900 902 1955 fratre
924 1907 951 1954 et
972 1917 1068 1956 sorore
1084 1917 1168 1976 geue·

197 1995 305 2050 rantur;
329 1985 468 2041 sciendum
491 1991 595 2047 tamen,
618 1986 727 2059 proprie
748 1982 927 2040 consobrinos
955 1985 1081 2058 appellari
1107 2002 1166 2047 eos,

199 2073 296 2144 quiex
318 2070 423 2125 duabus
444 2069 586 2124 sororibus
608 2071 664 2124 nati
684 2076 763 2130 sunt,
793 2070 868 2140 quasi
890 2067 1096 2132 consororinos
1118 2086 1168 2124 eos

198 2163 301 2217 autem,
319 2157 365 2227 qui
380 2171 413 2209 ex
429 2153 535 2232 dupbus
551 2153 679 2208 iratribus
695 2154 830 2226 procreati
845 2161 923 2216 sunt,
945 2148 1043 2208 fraires
1057 2161 1167 2227 patrue·

198 2240 237 2295 les
254 2240 358 2302 uocari;
382 2255 428 2293 eos
445 2254 526 2300 uero,
550 2239 596 2310 qui
617 2253 650 2292 er
666 2238 749 2292 fratre
765 2245 793 2291 et
808 2253 903 2292 sorore
918 2246 1080 2300 nascuntur,
1104 2239 1167 2292 ami·

197 2326 270 2379 tinos
287 2322 349 2378 diei.
395 2317 421 2376 7.
447 2321 547 2388 Quinto
564 2321 650 2394 gradu
666 2329 731 2376 sunt
748 2338 829 2394 supra
846 2327 955 2384 aterne,
973 2323 1075 2376 atauia:
1096 2321 1166 2376 inira

200 2408 335 2479 adnepos,
358 2406 496 2478 adneptis:
512 2422 545 2460 ex
562 2413 718 2462 transuerso
741 2405 831 2460 fratris
848 2413 875 2460 et
896 2406 998 2461 sororis
1019 2422 1165 2479 pronepos.

198 2491 355 2563 proneptis:
373 2498 546 2563 propatruus,
562 2493 703 2563 proamita,
720 2490 747 2544 id
763 2497 805 2545 est
820 2492 915 2563 proaui
932 2490 1015 2545 irater
1030 2498 1057 2546 et
1072 2507 1165 2550 sorem

198 2574 417 2647 proauunculus,
434 2583 642 2646 promatertera,
659 2575 686 2629 id
708 2581 750 2629 est
770 2576 899 2647 proauiae
920 2574 1004 2629 irater
1025 2582 1053 2630 et
1073 2590 1166 2634 sor0r;

200 2657 356 2714 consobrini
377 2657 464 2720 filius,
488 2652 591 2721 'lilia;²
611 2660 678 2714 item
698 2660 809 2732 propius
833 2658 973 2720 sobrinus,
995 2657 1117 2722 sobrina,
1138 2658 1167 2712 id

199 2750 241 2798 est
255 2744 345 2817 patrui
360 2743 466 2816 magni,
483 2744 578 2798 amitae
599 2759 726 2817 magnae,
744 2743 870 2798 auunculi
886 2745 990 2816 magni,
1007 2750 1166 2799 materterae

199 2844 312 2901 magnae
338 2827 398 2891 lilii,
424 2825 504 2883 filiae.
556 2825 584 2883 8.
619 2827 701 2883 Serto
728 2827 814 2902 gradu
840 2835 904 2882 sunt
934 2844 1016 2902 supra
1043 2829 1166 2889 tritauus,

198 2913 320 2967 tritauia:
347 2912 416 2968 inira
442 2914 578 2986 trinepoS,
610 2912 751 2983 trineptis:
777 2928 809 2966 ex
835 2919 992 2968 transuerso
1021 2912 1110 2965 fratris
1139 2919 1166 2963 et

200 3025 297 3032 ..α-...-
305 3025 403 3032 --—-.—-

269 3091 288 3156 ¹)
310 3093 389 3146 Oodd.
408 3100 434 3142 et
450 3093 548 3146 Boeek.
566 3094 629 3143 daec
648 3092 725 3142 uerba
742 3093 836 3142 hebent
854 3095 880 3142 ia
894 3095 947 3154 fine
966 3092 1007 3156 Si,
1030 3071 1101 3142 anst
1120 3092 1166 3140 due

199 3164 225 3209 in
242 3176 312 3210 suum
329 3164 409 3211 iocum
427 3168 502 3210 eram
519 3162 674 3210 revocanda.
699 3161 813 3209 Perinde
832 3162 896 3210 enim
914 3162 990 3209 etiam
1007 3162 1033 3208 in
1054 3160 1165 3208 Gdaron·

200 3231 249 3278 dae
266 3236 395 3278 stemmate
413 3229 508 3277 dieitur
525 3230 594 3278 huius
614 3227 659 3289 (se.
678 3229 768 3291 patrui,
788 3229 908 3288 annitenti)
932 3229 995 3278 latins
1013 3229 1062 3277 lrlia
1082 3241 1166 3275 conso-

199 3297 290 3344 brinus.
327 3297 472 3345 Praetereo
495 3298 565 3345 etiam
588 3297 683 3356 scripsi
701 3310 752 3360 pro
776 3297 848 3344 enim.
885 3295 1008 3345 Fortasse
1027 3297 1102 3345 etiam
1116 3308 1166 3358 pre

200 3365 242 3411 dlii
266 3363 425 3412 arridendum
450 3370 507 3411 erat
530 3364 592 3412 dlius
614 3364 701 3413 filiaue.
789 3360 809 3424 ²)
831 3361 858 3410 0.
877 3363 941 3414 Por.
970 3371 992 3410 et
1016 3364 1065 3413 ntia
1085 3377 1119 3412 ex
1139 3360 1164 3408 G.

203 3429 271 3480 Vici.
290 3429 386 3479 Boeck.
