2634 3966
216 187 264 236 102
532 197 593 233 onir
613 194 716 231 rusmr.
745 184 763 232 i,
782 183 858 231 4-7.

214 341 362 414 plebiscitis
389 358 418 396 se
444 357 499 395 uon
525 340 626 401 teneri,
655 339 717 410 quia
737 338 796 392 sine
812 337 972 392 auctoritate
994 353 1089 391 eorum
1110 337 1180 393 iacta

15 419 69 490 ''22st
175 435 200 487 2.
215 433 319 489 essent:
336 426 384 482 sed
398 431 493 498 postea
510 417 514 500 )
531 423 573 479 ier
590 422 734 477 Hortensia
748 421 801 477 lata
817 428 872 484 est,
890 437 943 493 qua
957 427 1065 476 cautum
1081 428 1131 485 est,
1149 429 1181 476 ut
1275 493 1277 498 Ι

35 511 47 556 ἱ*
71 501 73 504 ’
115 511 116 514 ’
213 511 353 584 plebiscita
368 510 524 564 uniuersum
535 508 667 582 populum
678 513 815 562 tenerent:
831 507 922 578 itaque
935 521 967 561 eo
980 499 1061 561 modo
1072 505 1179 580 legibus

26 581 76 670 g]-
131 657 132 662 ἵ
209 599 359 667 'exaequata
374 601 446 650 sunt.
484 591 511 648 4.
536 591 808 648 senatusconsultum
824 599 873 652 est,
890 590 964 663 quod
980 597 1090 646 senatus
1105 589 1181 646 iubet

215 687 295 753 atque
315 679 470 742 constituit,
497 677 579 750 idque
601 676 669 750 legis
691 677 777 731 uicem
799 677 917 750 optinet,
947 675 1068 748 quamuis
1095 675 1181 730 suerit

215 765 374 836 quaesitum.
420 759 447 818 5.
472 761 635 818 Constitutio
651 762 781 834 principis
796 768 852 822 est,
875 759 948 832 quod
971 761 1120 832 imperator
1134 759 1180 814 de·
1225 807 1228 810 .
1310 817 1312 836 ὦ

215 853 289 902 creto
305 846 350 903 uel
365 847 454 902 edicto
470 848 514 902 uel
530 847 645 920 epistula
660 847 810 901 constituit.
829 861 879 900 nec
890 861 1016 917 umquam
1029 843 1180 899 dubitatum

155 939 264 1006 43s*‘cst,
282 933 346 1004 quin
362 931 389 986 id
404 931 472 1005 legis
486 933 573 986 uicem
586 932 714 1004 optineat,
730 947 791 985 cum
803 931 860 1003 ipse
871 930 1019 1002 imperator
1031 946 1080 1001 per
1091 929 1180 1003 legem

214 1017 354 1089 imperium
371 1017 491 1088 accipiat.
536 1011 565 1072 6.
590 1013 720 1088 '(Edictu
743 1021 809 1071 sunt
827 1021 991 1085 praecepto
1008 1029 1113 1086 corum,
1132 1018 1181 1086 qui

214 1105 259 1156 ius
274 1103 405 1157 edicendi
418 1094 565 1173 hubent.)⁵
586 1102 628 1155 ius
650 1106 739 1155 autem
755 1098 876 1155 edicendi
891 1097 990 1153 hahent
1006 1100 1179 1172 magistratus

214 1185 308 1258 popuii
319 1184 440 1240 Romani.
454 1185 501 1240 sed
513 1185 705 1258 amplissimum
717 1185 759 1239 ius
772 1191 813 1240 est
827 1185 855 1238 in
868 1183 963 1239 edictis
975 1183 1089 1238 duorum
1102 1201 1180 1256 prae-

156 1291 158 1298 ’
214 1278 314 1334 torum,
331 1268 425 1324 urbani
441 1277 468 1325 et
483 1270 627 1344 peregrini,
646 1285 761 1342 quorum
772 1270 799 1324 in
811 1268 957 1342 prouinciis
967 1268 1179 1323 iurisdictionem

131 1391 141 1412 .
214 1354 350 1427 praesides
374 1369 464 1409 earum
485 1354 598 1417 habent;
625 1356 689 1409 item
710 1355 737 1408 in
759 1346 867 1409 edicto⁶
888 1352 1012 1408 aedilium
1035 1351 1177 1416 curulium,

216 1453 330 1510 quorum
345 1438 559 1494 iurisdictionem
576 1441 605 1493 iri
619 1439 767 1512 prouinciis
782 1438 877 1511 populi
891 1436 1003 1493 Romani
1020 1446 1178 1512 quaestores

214 1521 329 1585 habent;
367 1539 427 1576 nam
464 1525 491 1578 in
529 1524 682 1597 prouincias
716 1521 835 1595 Caesaris
872 1524 982 1578 omnino
1019 1531 1178 1596 quaestores

214 1623 268 1660 non
295 1608 453 1670 mittuntur,
482 1615 509 1662 et
531 1606 565 1662 ob
588 1607 614 1662 id
635 1608 687 1663 lroc
708 1607 824 1662 edictum
845 1608 872 1661 in
888 1609 929 1663 his
949 1609 1096 1680 prouinciis
1124 1625 1179 1664 non

212 1691 384 1762 proponitur.
442 1687 468 1746 7.
506 1691 644 1765 Responsa
666 1692 848 1768 prudentium
878 1703 942 1747 sunt
971 1695 1121 1750 sententiae
1151 1701 1179 1748 et

214 1775 355 1846 opiniones
371 1791 474 1839 eorum,
492 1776 588 1849 quihus
604 1777 766 1850 permissum
782 1785 823 1832 est
837 1779 896 1832 iura
912 1777 1037 1833 condere.
1062 1795 1178 1852 quorum

213 1859 331 1913 omnium
354 1860 377 1914 si
396 1861 423 1916 in
445 1877 527 1916 uuum
543 1863 693 1917 sententiae
715 1871 891 1925 concurrant,
913 1862 954 1926 id,
978 1863 1051 1936 quod
1066 1865 1103 1918 ita
1118 1880 1178 1918 sen-

213 1945 291 2006 tiunt,
304 1943 373 2018 legis
385 1945 471 2001 uicem
488 1948 605 2019 optinet;
619 1947 642 2000 si
657 1962 723 2001 uero
739 1947 911 2010 dissentiunt,
928 1947 1009 2003 iudici
1024 1948 1088 2004 licet
1099 1965 1179 2022 quam

212 2029 279 2083 uelit
289 2030 449 2086 sententiam
461 2033 551 2105 sequi:
565 2030 646 2103 idque
656 2033 788 2104 rescripto
798 2031 984 2088 diuiiiadriani
994 2032 1176 2106 significatur.
1243 2087 1251 2102 ,
1310 2067 1311 2074 1

214 2178 215 2181 =
252 2179 417 2188 ἣ-

211 2279 275 2341 ariq.
290 2287 309 2336 5,
322 2287 341 2336 a,
355 2289 376 2328 a.
422 2277 444 2344 5)
458 2280 580 2344 Suppieoi
590 2282 626 2330 ad
636 2282 794 2331 sententiam.
814 2281 891 2331 Hanc
903 2283 967 2331 enim
980 2284 1119 2350 edictorum
1131 2284 1176 2332 de·

209 2346 346 2406 finitionem
362 2349 505 2406 excidisse,
528 2350 597 2412 quod
612 2349 643 2398 cb
659 2352 770 2411 repetita
787 2355 917 2412 postrema
933 2349 1010 2399 uerba
1022 2351 1102 2411 facite
1116 2351 1178 2412 fieri

208 2413 305 2474 potuit,
318 2419 343 2461 et
355 2428 463 2478 sequens
473 2418 562 2478 prodit
575 2423 664 2473 autem,
681 2419 848 2479 praemissam
859 2418 1028 2480 definitionem
1043 2419 1176 2467 similemve

209 2481 354 2541 yencratcrn
365 2484 516 2532 sententiam
526 2484 656 2546 indicans,
675 2491 700 2532 et
713 2486 782 2547 quod
793 2487 889 2550 alioqui
902 2487 959 2534 sota
971 2485 1056 2534 edicta
1072 2499 1119 2533 sua
1132 2487 1176 2534 de·

207 2547 323 2608 finitione
339 2556 466 2598 carerent.
500 2550 648 2617 Praecentc
665 2552 754 2614 accipe
770 2553 858 2602 eodem
873 2553 988 2617 quaeruut
1008 2567 1099 2614 sensu,
1125 2568 1184 2618 quc,

211 2615 329 2663 dicuntur
344 2615 378 2663 L.
393 2624 426 2664 10.
444 2615 470 2679 3.
490 2625 508 2664 1.
535 2618 569 2669 Ι).
587 2619 618 2668 de
635 2619 714 2671 instit.
733 2615 767 2680 (t,
782 2618 802 2682 1)
817 2621 849 2671 L.
867 2629 884 2668 t.
903 2620 936 2669 Ι),
954 2621 985 2670 de
1003 2619 1076 2684 legib.
1092 2618 1128 2683 (t,
1141 2619 1174 2684 3),

210 2677 230 2744 θ)
252 2680 365 2731 Gosrecci
375 2698 429 2732 cum
443 2684 550 2734 Gnescd.
563 2687 603 2735 ed.
619 2694 638 2736 1.
652 2723 654 2734 .
668 2687 796 2736 Pturatern
812 2688 875 2736 dant
888 2687 915 2737 0.
929 2689 988 2740 edd.
1020 2685 1075 2738 Sed
1083 2696 1176 2752 postea

210 2755 279 2798 recte
291 2747 387 2800 tanturn
399 2752 506 2800 edictum
517 2756 671 2816 appellatur.
702 2754 838 2804 Librarius
850 2758 913 2804 mate
926 2757 1038 2806 imitatus
1055 2761 1095 2806 est
1106 2758 1176 2822 quod

210 3003 265 3050 iure
281 3008 333 3054 nat.
353 2998 384 3064 (t,
398 3003 420 3068 a)
439 3004 498 3070 ibiq.
516 3004 655 3056 Schrader.
725 3004 750 3073 ξ.
763 3008 787 3056 4.
808 3007 847 3070 Cf.
867 3007 931 3071 §.a
949 3009 973 3057 I.
987 3009 1043 3058 eod.
1057 3009 1089 3058 L.
1102 3018 1122 3057 6.
1141 3010 1175 3061 D.

210 3069 241 3118 de
254 3071 302 3132 leq.
315 3069 364 3121 SC.
378 3075 408 3130 (t,
421 3071 453 3134 3).
523 3070 548 3140 ξ.
563 3075 587 3124 5.
608 3074 646 3137 Cf.
661 3072 687 3137 S.
701 3083 721 3123 6.
740 3075 765 3126 Ι.
780 3077 811 3125 de
824 3079 879 3125 iare
892 3082 944 3127 nat.
959 3075 994 3140 (1,
1007 3073 1039 3141 t).
1109 3073 1135 3143 ξ.
1149 3080 1174 3128 6.

211 3135 250 3198 Of.
265 3135 292 3201 S.
305 3145 325 3185 7.
343 3137 366 3185 Ι.
386 3141 441 3189 eod.
461 3139 512 3189 Cic.
530 3144 571 3190 ad·
583 3143 662 3192 Attic.
682 3152 708 3205 6,
725 3151 744 3196 t.
763 3141 790 3205 3.
806 3152 837 3196 15.
868 3146 1015 3208 quaestores]
1036 3145 1072 3193 De
1090 3160 1175 3195 eorum

209 3205 384 3255 iurisdictione
401 3209 435 3270 cf.
451 3207 501 3258 Cic.
515 3210 590 3259 disin.
606 3219 637 3260 17.
650 3209 676 3274 3.
690 3221 723 3259 66.
742 3209 828 3262 Sedet.
847 3213 883 3261 ad
895 3211 947 3261 Oic.
966 3212 1042 3261 divin.
1056 3222 1089 3261 15.
1102 3209 1128 3276 S.
1141 3221 1175 3264 to.

209 3289 283 3336 quam
299 3274 439 3336 deteyutanc
456 3277 579 3327 aeditibus
592 3277 748 3328 Cirtensibus
760 3280 785 3328 in
798 3283 933 3343 prouincia
951 3280 1082 3342 Numidia,
1102 3296 1176 3346 quam

209 3347 331 3404 quaestor
345 3346 508 3406 proconsulis
525 3345 633 3408 Africus
651 3361 701 3396 non
716 3347 794 3410 facite
813 3348 914 3407 adibat,
933 3364 999 3398 nunc
1017 3350 1174 3414 coqncvirnus

209 3424 245 3456 ex
256 3409 351 3459 Renier
363 3409 388 3462 Ι,
402 3411 437 3462 Α.
449 3420 506 3460 aroc.
527 3410 571 3476 (ει
584 3411 789 3464 Orettt-Henzea
806 3415 875 3474 6666.)
895 3423 954 3464 ison.
971 3425 1027 3468 reso.
1042 3426 1101 3466 2172.
1114 3425 1173 3466 arra.

208 3483 266 3524 naso.
336 3474 362 3542 ξ.
376 3480 399 3530 i.
421 3478 710 3543 Gfi8.8.1.eod.curn
726 3481 836 3546 Theopd.
851 3483 882 3531 L.
893 3492 913 3535 a.
929 3480 996 3545 §.aa
1016 3486 1050 3536 1).
1065 3486 1097 3534 de
1109 3486 1174 3546 oriq.
