2634 3966
202 208 235 256 90
642 219 735 255 csrvs.

203 361 231 407 et
250 356 284 406 ad
303 357 412 408 scholas
430 356 473 405 ius
491 355 655 406 discentium
668 356 826 420 pertinens,
840 356 996 422 singulares
1011 356 1083 405 enim
1095 355 1169 424 libri,

203 425 250 488 qui
267 423 365 474 tilulus
383 424 498 488 primum
517 439 534 472 a
553 425 585 485 Q.
600 423 691 473 Mucio
708 428 771 487 post
789 425 961 487 conscriptos
973 423 1066 474 XVIII
1083 423 1169 474 libros

204 492 238 542 de
250 493 310 542 iure
324 491 402 542 civili
413 491 485 544 libro
496 481 572 555 ὅρων
585 491 792 553 datusridetur,
812 491 877 556 quia
894 491 919 540 is
937 489 994 540 illis
1011 491 1091 541 libris
1110 491 1170 540 uni-

203 560 291 610 versis
308 558 386 609 velut
404 559 515 623 quidam
538 558 579 620 (ut
597 558 747 608 Iustiniani
764 559 949 608 imitationem
968 559 997 608 in
1016 558 1169 624 exemplum
1247 592 1249 596 -

202 626 309 689 vocem)
329 625 428 676 titulus
446 625 480 676 de
498 626 602 692 regulis
614 627 681 675 luris
694 625 854 688 accedebat,
868 625 1033 690 singulares,
1047 626 1169 690 inquam,

203 694 269 745 libri
282 694 364 745 etiam
377 693 420 742 illi
432 693 535 744 Gaiani
547 707 602 744 non
614 694 704 742 minus
718 697 782 758 apte
795 693 961 743 dicebantur
972 693 1094 757 praefixo
1107 708 1169 759 pro-

202 763 261 827 prio
271 761 353 812 titulo
363 762 471 811 ratione
482 762 569 812 totius
580 761 724 826 operis‘ad
735 761 854 810 edictum
865 761 1010 822 urbicum’‚
1018 777 1052 810 ex
1064 775 1118 825 quo
1127 775 1169 811 se·

202 830 296 892 parati
307 828 539 894 accipiebantur.⁷
566 827 645 889 Quod
658 826 833 878 confirmatur
844 829 946 892 partim
958 829 1002 890 iis,
1017 843 1090 892 quae
1108 828 1169 892 ipse

203 897 353 961 imperator
366 900 453 947 const.
464 897 511 946 cit.
524 896 548 956 ὅ.
556 896 582 947 4.
593 895 628 944 de
637 896 815 959 Digestorum
824 895 905 945 libris
916 894 1103 961 singularibus
1113 899 1170 946 tra-

203 963 252 1026 dit,
263 964 364 1028 partim
373 963 464 1014 indice
474 962 605 1013 librorum
619 966 647 1013 et
659 962 801 1012 titulorum
812 962 998 1027 Digestorum,
1012 978 1092 1027 quem
1105 963 1171 1013 scri·

202 1034 265 1094 ptor
277 1030 482 1082 Pandectarum
500 1030 735 1086 FlorentInarum,
753 1029 909 1079 IustinIsno
925 1046 979 1080 non
997 1030 1110 1080 multum
1127 1031 1170 1079 in·

202 1099 297 1162 ferior,
308 1098 458 1148 Pandeetis
474 1097 630 1163 praemisit;
641 1098 670 1146 in
681 1113 713 1148 eo
724 1097 796 1146 enim
807 1101 907 1162 aperta
917 1097 1047 1147 librorum
1059 1098 1095 1147 ad
1111 1097 1169 1148 edi-

204 1165 301 1229 ctum,⁸
315 1181 347 1215 ex
363 1167 460 1230 quibus
473 1169 556 1215 antee
567 1167 610 1214 ius
621 1164 788 1223 discebatur,
799 1165 961 1224 imitatione,
975 1168 1169 1230 praeterquam

203 1233 276 1296 quod
295 1248 389 1284 omnes
400 1231 579 1300 Digestorum
593 1232 658 1282 libri
668 1248 685 1281 a
694 1233 782 1297 prImo
797 1232 833 1281 ad
843 1233 1100 1298 quinquagesimum
1117 1247 1169 1282 nu-

204 1304 354 1360 merantur,
367 1305 429 1366 post
447 1302 562 1366 primam
575 1303 689 1364 partem,
704 1315 775 1364 quae
788 1300 871 1349 etiam
886 1305 969 1350 antea
980 1300 1063 1350 libros
1076 1300 1170 1364 singu-

202 1369 276 1418 lares
288 1383 343 1418 non
355 1369 487 1429 habebat,
500 1368 615 1418 seorsim
628 1371 807 1418 numerantur
819 1373 925 1432 septem
937 1367 1002 1417 libri
1014 1366 1169 1432 singulares

203 1436 237 1484 de
252 1435 365 1486 iudiciis
378 1433 494 1498 (5-11),
514 1439 577 1485 octo
595 1433 627 1484 de
646 1434 728 1484 rebus
747 1434 878 1497 (ra-19),
899 1435 1080 1499 singularium
1097 1434 1169 1484 liber

203 1503 307 1567 primus
319 1518 405 1567 usque
420 1502 453 1552 ad
467 1503 602 1552 decimum
615 1499 748 1564 (ao-29).
768 1507 873 1567 septem
886 1502 950 1551 libri
962 1502 1117 1567 singulares
1134 1502 1169 1551 de

204 1570 307 1634 legatis
327 1574 355 1620 et
376 1569 594 1620 fideicommissis
613 1568 750 1632 (30-36),
773 1569 826 1619 duo
850 1569 884 1620 de
907 1570 1038 1620 bonorum
1061 1583 1171 1635 posses·

164 1679 166 1682 .
206 1637 330 1688 sionibus
350 1636 402 1700 (37.
422 1636 480 1700 38):
500 1636 655 1700 similiaque
673 1637 814 1686 inveneris
836 1637 865 1686 in
884 1638 995 1702 scriptis
1014 1636 1170 1697 Thalelaei,

204 1705 339 1770 Stephani
362 1708 570 1769 ceterorumque
594 1719 758 1755 coaevorum
775 1704 1030 1769 iurisprudentium‚
1056 1718 1169 1767 quorum

203 1771 267 1821 loca
287 1771 399 1836 collegit
416 1772 529 1821 Reizius
548 1771 583 1821 ad
596 1771 721 1836 Theoph.
733 1771 770 1824 Il.
789 1789 815 1836 p.
838 1774 901 1822 1237
920 1785 976 1835 seq.
989 1769 1050 1820 -sea
1069 1770 1170 1835 stipsi

204 1843 335 1901 quattuor
356 1839 422 1889 libri
445 1839 613 1904 singulares,
638 1853 706 1902 quos
728 1839 900 1889 lastinianus
918 1837 1011 1903 palam
1029 1838 1100 1889 Gaio
1119 1838 1169 1887 tri·

203 1907 264 1955 buit
287 1921 407 1971 quosque
432 1906 496 1956 olim
519 1907 605 1972 primo
630 1922 701 1956 anno
724 1912 786 1970 post
804 1907 995 1956 Institutiones
1019 1921 1052 1956 ex
1077 1904 1168 1955 edicto

203 1973 321 2024 traditos
349 1989 410 2024 esse
438 1978 585 2038 memorat,
613 1975 782 2025 conveniunt
809 1989 869 2024 cum
895 1972 1082 2039 singularibus
1105 1971 1171 2023 Gaii

203 2040 282 2091 libris
302 2041 336 2091 ad
355 2042 475 2092 edictum
494 2041 631 2102 urbicum
656 2046 720 2091 sunt
738 2043 811 2092 enim
828 2041 904 2092 dere
922 2042 1020 2092 uxoria
1040 2041 1088 2103 t:
1106 2040 1170 2090 ‘do-

202 2107 319 2160 talicion
342 2107 454 2175 βιβλίον
472 2099 520 2160 ἕν’
544 2109 602 2160 ind.
620 2109 709 2172 Flor.,
733 2110 803 2159 licet
825 2109 865 2160 ibi
883 2124 937 2159 non
956 2108 1065 2159 dicatur
1083 2107 1169 2158 fuisse

204 2193 237 2226 ex
254 2177 334 2227 libris
353 2177 387 2226 ad
411 2177 545 2240 edictum,
571 2177 642 2241 quod
665 2175 748 2226 facile
770 2177 800 2225 in
822 2175 990 2227 oblivionem
1008 2176 1103 2226 venire
1122 2191 1170 2240 po·

203 2245 270 2306 tuit,
296 2244 344 2296 sed
362 2243 448 2294 Gaius
471 2244 575 2295 idcirco
599 2245 670 2294 hanc
694 2244 839 2294 materiam
862 2243 891 2292 in
908 2243 978 2293 Inst.
1001 2241 1168 2307 praeteriit),

205 2311 237 2360 de
256 2312 353 2361 tutelis
378 2311 470 2374 (citati
489 2311 550 2364 Gai.
571 2314 594 2372 l,
610 2313 681 2376 188),
706 2310 739 2362 de
762 2312 939 2361 testamentis
963 2315 990 2362 et
1013 2310 1047 2360 de
1067 2309 1168 2374 legatis

208 2447 407 2456 --—---—-—

204 2549 307 2596 Leistius
324 2547 524 2610 (Rechtssysteme
540 2564 563 2612 p.
577 2545 622 2607 tt.)
641 2555 664 2596 et
681 2563 755 2610 nuper
772 2548 904 2596 llomsenus
925 2546 1007 2595 Jahrb.
1026 2547 1042 2596 l.
1057 2560 1079 2596 c.
1097 2560 1121 2608 p.
1135 2553 1169 2596 12.

205 2615 247 2663 Est
259 2617 329 2663 etiarn
342 2617 463 2664 retinenda
477 2616 579 2676 vulgaris
592 2615 751 2678 interpunctio
764 2615 922 2678 ‘appellatum
942 2620 1031 2677 septem
1048 2613 1118 2662 libris
1130 2627 1168 2661 sc·

205 2685 303 2740 motis’;
322 2684 449 2745 imperator
468 2685 530 2732 enirn
547 2682 618 2730 verbo
638 2683 765 2730 ‘semotist
784 2683 847 2731 idern
866 2682 998 2742 significet,
1022 2681 1084 2744 quod
1102 2685 1169 2730 antea

205 2750 295 2798 ilixcrat
307 2752 397 2799 ‘titulis
410 2751 438 2799 ab
452 2767 478 2799 ea
492 2751 611 2814 exeeptis'
626 2774 657 2791 π-
671 2764 705 2800 sc.
719 2749 892 2809 adlegandum,
906 2756 931 2796 ut
943 2755 1040 2812 apparet
1051 2765 1077 2796 ex
1091 2748 1169 2797 verbis
1207 2808 1209 2813 .

205 2833 253 2880 seq.
274 2819 345 2866 ‘Post
361 2833 442 2867 eorum
458 2834 513 2867 vero
531 2819 684 2868 lectionem'.
736 2814 768 2878 17)
793 2818 826 2865 De
847 2817 947 2865 aliorum
965 2817 1117 2880 opInionibus
1135 2816 1168 2863 cl.

204 2886 268 2934 tinch
281 2885 338 2937 hist.
350 2887 448 2950 iurispr.
461 2887 501 2937 lll.
515 2895 534 2943 2,
548 2893 568 2937 5.
582 2882 609 2948 8,
623 2892 656 2936 14.
681 2885 710 2932 de
722 2884 809 2946 Weytre
822 2885 893 2934 edict.
906 2890 995 2948 perpet.
1008 2899 1031 2947 p.
1045 2891 1078 2935 87.
1103 2883 1169 2931 Hube

206 2953 241 3002 cd.
255 2955 307 3002 Get.
321 2955 378 3002 lnst.
391 2955 466 3017 prael.
478 2970 502 3016 p.
515 2953 583 3003 XVll.
631 2950 653 3016 ἢ)
670 2952 720 3001 Non
735 2967 761 3000 er
773 2953 825 3015 ipsa
839 2953 973 3013 repetitam
987 2966 1029 2998 nce
1043 2950 1168 2999 lastiniani

205 3022 298 3069 demum
315 3035 372 3070 aevo
390 3023 508 3070 Inventam
531 3035 582 3069 esse
600 3021 662 3068 hunc
679 3020 824 3082 peculiarem
847 3018 960 3067 librorum
982 3017 1168 3066 numerationem

204 3094 298 3152 praeter
310 3089 356 3137 alia
370 3085 415 3151 (ci'
427 3096 476 3140 not.
491 3087 536 3150 15.)
550 3094 686 3147 argumento
704 3093 750 3143 est,
766 3086 828 3150 quod
844 3085 900 3133 libri
919 3085 1037 3134 terribiles
1053 3091 1079 3130 47
1096 3091 1118 3132 et
1134 3091 1167 3136 tt.

205 3171 251 3206 non
264 3157 411 3220 appellantur
423 3158 563 3217 singulares.
581 3153 679 3222 {Desinit
692 3155 751 3203 haec
764 3154 894 3202 numeratio
906 3154 930 3201 in
944 3153 1013 3202 libris
1025 3159 1058 3202 tt.
1072 3159 1105 3200 tt.
1120 3152 1168 3202 lor-

206 3233 268 3272 tnsse
284 3224 351 3281 ideo,
370 3224 432 3287 quod
449 3232 470 3272 et
487 3225 510 3272 in
528 3224 580 3274 Gaii
598 3223 665 3272 libris
682 3223 711 3271 ad
730 3222 832 3270 edictum
850 3222 945 3270 extremi
964 3219 1020 3270 libri
1037 3221 1169 3280 singulares

205 3298 271 3342 crant
283 3293 312 3340 de
323 3291 439 3340 bonorum
451 3291 650 3356 possessionibus,
661 3303 719 3353 quos
732 3290 810 3338 laudat
822 3295 842 3344 3.
855 3297 888 3340 33.
908 3289 1016 3339 Ceterum
1028 3287 1085 3336 hinc
1099 3288 1169 3350 etiem

205 3375 264 3408 nova
285 3361 324 3409 lux
345 3359 433 3408 edundi
455 3360 545 3408 videtur
567 3359 710 3422 quaestioni,
742 3371 784 3405 cur
807 3357 959 3416 sequentihus
981 3356 1068 3406 seculis
1092 3355 1169 3403 media

205 3429 352 3488 Digestorum
364 3419 431 3491 pars,
449 3442 508 3490 quae
521 3427 650 3490 appellatur
667 3425 828 3478 lutortiatum.
846 3425 906 3473 ultra
919 3426 1037 3488 quintam,
1054 3429 1169 3486 quatenus

205 3495 259 3544 libri
272 3497 404 3556 singulares
421 3510 447 3546 ex
460 3494 582 3544 iustiniani
595 3498 722 3556 praecepto
733 3489 893 3554 pertinebant,
908 3492 968 3540 libro
981 3498 1006 3540 tt
1016 3497 1041 3539 et
1053 3497 1087 3542 38.
1100 3495 1168 3537 auctu
