2634 3974
211 183 264 232 426
491 195 688 232 1vo111³svon1
708 184 838 234 siusuli.
859 175 899 236 i'lv.

274 335 298 394 1.
317 331 426 392 ¹Primo
440 337 526 410 gradu
541 339 674 410 superiori
691 338 761 394 lineo
776 340 951 394 eontinentur
965 347 1054 412 peter.
1077 346 1183 412 motem
1217 365 1222 372 ·

211 421 332 477 inferiori
355 420 441 484 filius,
468 421 535 478 filie:
563 421 660 495 quibus
683 423 772 478 nullae
787 423 853 478 oliae
868 439 1001 497 personae
1016 425 1182 498 iunguntur.
1200 419 1202 423 ’

212 504 241 563 2.
272 500 414 562 ²Sooundu
436 506 522 580 gredo
544 509 718 563 scrutinentur
739 510 874 581 superiori
899 508 971 564 lines
996 524 1076 570 suus,
1104 510 1182 573 uuis;

211 591 333 646 inferiori
348 607 448 663 nepos,
464 593 566 663 neptis;
582 593 849 654 transuersoiruter,
866 609 954 648 soror.
1001 609 1069 666 quoe
1084 607 1184 666 perso-

212 692 261 731 nae
288 675 473 748 duplicantur:
500 692 566 731 auus
593 677 664 732 enim
688 684 715 734 ct
735 678 795 732 auio
818 685 872 732 tam
893 693 926 732 ex
946 685 1023 750 patre
1044 693 1124 750 quum
1146 695 1191 734 es»

213 767 310 820 matre,
333 775 431 832 nepos,
443 761 541 832 neptis
559 767 611 816 tum
626 777 660 816 ex
675 759 731 816 filio
747 777 825 834 qoam
842 777 874 816 ex
891 759 957 823 fitis,
979 762 1076 825 iretur,
1099 777 1187 818 soror
1222 811 1225 813 ,

211 851 266 898 tem
287 859 319 898 ex
340 851 416 916 petre
435 861 514 918 quom
535 861 568 900 ex
591 853 674 901 metro
701 847 878 919 accipiuntur.
924 843 1086 919 ⁹(Item)qus
1109 839 1189 902 hsess‘

211 943 343 1000 personae
364 928 540 1002 sequentibus
562 923 705 1003 'qooqoe⁴
732 929 859 1003 gradibus
881 930 1004 986 similiter
1024 947 1075 1004 pro
1099 929 1188 989 ’‘sub-¹

211 1007 328 1067 stentie⁵
350 1029 455 1076 esrom,
483 1031 551 1086 quos
571 1015 599 1070 in
621 1031 729 1088 quoque
745 1014 831 1088 gradu
846 1017 1013 1078 consistunt,
1041 1015 1117 1088 'ipso
1134 1029 1189 1070 or··
1221 1038 1225 1040 ·

209 1231 269 1278 item
286 1231 322 1279 ad
336 1231 487 1280 intellectum
498 1237 652 1279 stemmatum
661 1231 795 1294 pertinens
807 1231 944 1280 admonitio
956 1230 1077 1280 subiecta.
1103 1229 1181 1280 Haec

211 1298 303 1360 omnia,
321 1299 433 1361 repetito
451 1314 467 1346 a
479 1296 683 1362 Senekenberpio
701 1299 727 1346 in
740 1299 779 1347 ed.
794 1296 953 1361 Bracpropi
964 1305 1023 1348 1748.
1036 1299 1072 1347 ud
1081 1314 1108 1362 p.
1123 1306 1177 1356 too,

211 1367 277 1414 ande
297 1365 445 1415 Cbcrondus
460 1367 578 1428 petierit,
597 1366 640 1414 diu
657 1371 683 1414 et
698 1367 726 1414 in
743 1365 891 1414 lectionibus
912 1365 1048 1415 subsecivis
1071 1367 1178 1416 ceteris·

211 1448 258 1496 pue
278 1431 361 1482 Contii
378 1432 496 1494 operibus
514 1439 540 1480 at
556 1434 583 1482 in
600 1432 752 1483 editionibus
774 1435 892 1496 corporis
913 1435 978 1482 iuris
999 1433 1091 1490 ciuilis,
1115 1431 1179 1498 punt

208 1501 337 1562 inspicere
354 1502 435 1560 potui,
455 1499 594 1558 Contionis,
612 1501 660 1549 sed
673 1500 775 1562 frustra
793 1501 913 1564 quaesiui:
931 1500 1056 1565 Suspicor
1073 1507 1177 1558 tontum,

211 1567 313 1614 adiectu
338 1566 401 1614 baec
425 1567 507 1627 fnisse
533 1573 578 1615 cut
603 1568 664 1630 Dip.
692 1569 798 1616 editioni
823 1569 895 1616 simut
920 1583 973 1617 oum
999 1568 1184 1619 institutiones*

209 1633 299 1681 ederet
316 1637 429 1691 curatae,
449 1649 513 1698 qnae
529 1635 645 1695 sortasse
662 1635 712 1682 iam
730 1649 780 1684 non
798 1643 877 1684 eoi-tentx
889 1634 956 1698 (nom
974 1635 1051 1686 dubio
1068 1646 1119 1686 res'
1130 1642 1177 1696 est,
1267 1642 1270 1650 '

209 1700 245 1762 cf,
264 1699 447 1764 Spnnpenberp
464 1701 570 1754 Einteit.
593 1703 633 1751 ins
652 1701 729 1766 Oorp.
752 1705 800 1751 iur.
820 1719 845 1766 p.
863 1701 913 1768 ³08)
936 1705 973 1753 od
990 1705 1021 1756 Iu.
1041 1713 1073 1757 io,
1092 1704 1125 1752 D.
1145 1705 1183 1753 de

208 1769 285 1830 prod.
297 1783 370 1831 copo.
385 1765 428 1832 (os,
449 1768 492 1834 to),
511 1777 555 1818 aut
572 1769 761 1820 Institutionum
778 1771 886 1822 editioni
902 1771 943 1824 lib.
957 1771 993 1820 II
995 1771 1072 1822 [stit.
1085 1779 1115 1828 6.,
1133 1770 1179 1820 ubi

206 1837 278 1899 sorte
296 1835 453 1902 bibliopepoc
471 1839 530 1887 uitio
548 1838 694 1902 quibusdum
712 1839 742 1886 in·
756 1839 943 1902 eaeemptoribus
958 1839 1093 1902 perierint.
1121 1835 1181 1886 Sed*

208 1911 235 1953 et
245 1920 395 1969 persuasum
408 1905 466 1954 mibi
476 1911 522 1963 est,
542 1921 592 1956 non
609 1907 635 1954 in
653 1907 742 1956 codice
754 1907 838 1971 utiquo
851 1921 913 1964 scm,
926 1908 959 1956 de
973 1921 1023 1972 pus
1036 1907 1184 1972 quaeritur,¹
1239 1934 1242 1942 ,

207 1973 315 2034 formam
332 1975 489 2037 superiorem
507 1972 621 2023 Gentium
637 1976 781 2037 reperisse,
799 1975 847 2023 sed
867 1974 948 2037 ipsum
966 1976 1005 2024 ad¹
1018 1974 1104 2024 Pacui
1119 1987 1179 2023 sen·

207 2041 313 2089 tentiam
330 2043 356 2090 in
373 2041 420 2091 boc
438 2042 476 2090 tit.
496 2047 521 2090 et
538 2043 645 2090 maxime
664 2041 696 2090 L.
709 2049 730 2090 9.
746 2051 778 2094 10.
796 2042 828 2091 D.
848 2043 880 2090 de
896 2044 972 2105 prud.
992 2051 1063 2104 copo.
1084 2044 1127 2103 (38.
1142 2038 1176 2109 to)

209 2109 272 2158 scite
291 2110 470 2173 descripsisse,
490 2110 567 2173 idque
582 2111 637 2158 sine
653 2109 757 2172 froude.
795 2109 861 2164 Num
878 2117 902 2158 et
922 2125 1037 2159 nurneros
1053 2110 1182 2171 precluum*
1200 2129 1210 2142 ·

208 2176 321 2226 arabicis
337 2179 422 2241 sionis*
434 2178 554 2226 indicauit
572 2181 598 2226 et
614 2179 673 2241 ipse
687 2178 714 2226 in
728 2179 780 2239 fine
798 2179 907 2234 notulae,
928 2191 1001 2242 quam
1019 2178 1090 2234 dini,
1110 2176 1179 2225 ‘Ito-

209 2248 281 2308 que’,
300 2245 392 2308 inquit,
412 2245 492 2294 ‘bono
507 2247 755 2308 produumfipurom
772 2247 813 2294 oto
832 2259 869 2293 me
892 2246 930 2294 od
951 2246 1072 2294 amussim
1088 2251 1178 2294 securt-

209 2314 265 2360 dum
289 2311 467 2362 Iurisconsulti
491 2314 641 2362 sententium
668 2313 855 2376 descripsisse.’
901 2311 967 2361 Item
994 2316 1026 2360 in*
1046 2311 1118 2364 notis*
1142 2307 1185 2361 ad¹¹

206 2381 270 2428 edit.
294 2393 368 2428 suam
383 2379 468 2428 [osuit.
491 2379 679 2428 Parisiis‘toub.
703 2380 868 2444 publicatum,
892 2379 935 2429 ubi
955 2381 1024 2430 num
1045 2381 1184 2430 stemmata*

209 2452 365 2510 comparent,
383 2448 424 2494 tit.
443 2453 463 2497 6.
482 2446 524 2498 lib.
543 2446 602 2498 III.
619 2447 667 2509 sot.
686 2454 725 2498 tt,
756 2449 897 2506 ‘Idcirco’,
917 2448 1009 2512 impetit,
1029 2445 1187 2497 ‘stemmata‘=

207 2514 246 2561 sic
264 2513 402 2575 descripsi,
422 2520 449 2562 ut
467 2521 539 2562 unum
557 2521 652 2562 tantum
673 2516 739 2564 lotus
758 2515 867 2564 babeant
890 2522 1072 2574 transuersum,
1093 2523 1184 2579 quem-¹

209 2580 341 2629 admodum
359 2587 385 2628 et
402 2596 434 2630 eu
451 2597 468 2630 o
485 2581 609 2631 ueteribus
628 2576 758 2646 descripta
774 2583 855 2645 fuisse
871 2591 943 2646 puto.
981 2583 1046 2633 Nam
1063 2584 1089 2632 in
1106 2588 1175 2634 uetu-

207 2647 324 2696 stissimis
346 2647 493 2712 quibusdam
517 2649 665 2699 membranis
692 2653 816 2714 quaedam
842 2651 981 2714 descriptio
1008 2652 1117 2700 inventa·
1138 2655 1176 2700 est

208 2730 258 2764 reon
275 2717 373 2764 muttum
391 2731 409 2764 u
425 2722 515 2765 nostru
533 2718 704 2780 discrepans)
729 2717 798 2778 Quos
814 2725 946 2782 postrema
963 2718 1041 2768 uerba
1057 2723 1179 2784 spectant

205 2783 314 2844 formum
331 2783 583 2844 inferiorem‚.etiom
600 2784 632 2832 nb
650 2784 754 2835 Isidoro
772 2794 914 2843 seruatam,
933 2803 1005 2851 quam
1023 2787 1176 2850 inspeciem

206 2851 348 2914 ppvomidis
367 2853 516 2902 decurtatae
533 2867 581 2916 per
599 2855 735 2904 intercutes
753 2856 905 2904 delineatam
921 2855 973 2918 ipsi
983 2853 1055 2917 infra
1067 2868 1175 2918 reprae-

203 2919 366 2970 sentabimus.
404 2921 461 2986 Iam
477 2921 560 2977 uides,
577 2920 655 2970 uerbo
677 2922 721 2971 tua
744 2923 821 2978 tituli,
846 2937 919 2986 quem
942 2923 1009 2982 dicei,
1028 2919 1086 2970 ‘Es
1109 2921 1174 2970 libro

209 2991 302 3049 quarto
319 2985 392 3037 Sent.
411 2987 474 3037 Iulii
490 2986 575 3038 Paulli
592 2992 662 3045 etc’,
686 2989 931 3054 quaemadmodum
953 2991 980 3038 in
1003 2999 1119 3041 errorem
1134 2987 1174 3036 in·

208 3055 350 3110 duxerunt,
370 3057 492 3118 quomodo
511 3057 674 3120 intetiipcndn
690 3059 749 3106 sint.
786 3057 907 3106 Ceterum·
925 3069 975 3108 non
993 3055 1098 3110 dubito,⁴
1114 3055 1181 3120 quin·

208 3121 312 3169 Paullus
330 3123 405 3171 etiam
419 3125 504 3186 fipuru
520 3127 644 3188 pruduum
662 3126 858 3188 descriptionem
874 3126 1048 3185 illustraverit.

278 3203 327 3255 Tit.
347 3205 397 3256 tot.
435 3207 475 3269 Cf.
495 3210 594 3258 ommno
611 3210 646 3258 de·
659 3209 783 3274 gradibus
800 3210 941 3272 expositio,
962 3221 1036 3274 quam
1058 3209 1175 3260 dubious

203 3273 292 3336 infra,
340 3271 359 3338 ¹)
373 3273 413 3338 of.
427 3276 459 3324 It.
476 3284 507 3329 so.
522 3273 548 3338 3.
561 3285 593 3328 n.
612 3277 645 3325 L.
660 3285 680 3329 1.
695 3275 722 3339 gs
733 3286 753 3325 1.
768 3277 803 3328 o..
814 3277 932 3342 suprad
946 3276 1054 3340 erema
1069 3273 1113 3339 (ss,
1129 3275 1173 3340 n).

207 3339 227 3400 2)
249 3341 294 3402 Cli
306 3342 339 3394 o.
354 3351 372 3390 t.
392 3341 419 3406 S.
436 3351 456 3393 4.
480 3343 512 3390 J„
531 3352 564 3395 tu.-
580 3341 606 3406 S.
627 3352 658 3393 13.
677 3345 786 3396 1).ωά.
857 3343 878 3406 ³)
898 3343 1007 3407 Scripsi:
1026 3345 1090 3403 Qose
1109 3342 1174 3408 (pr'o

208 3407 311 3472 (item)q.
331 3407 385 3470 hee)
405 3407 470 3461 Odd.
484 3411 542 3459 edd.
612 3408 636 3472 ⁴)
656 3411 776 3476 Plerique
787 3411 853 3463 Odd.
873 3412 1105 3476 quibuscunqueeos
1117 3413 1175 3462 atio

204 3475 264 3524 edd.
334 3473 356 3537 δ)
374 3478 391 3526 i.
404 3491 426 3528 e.
445 3477 617 3536 uniuersitatis,
636 3491 747 3528 numero.
