2634 3960
511 857 764 954 aarum

608 995 670 1030 srva

178 1061 418 1132 MOSAIOARVM
436 1081 736 1132 ETROMANARVM
753 1081 882 1132 LEGVM
902 1081 1098 1136 OOLLATIO.

225 1249 325 1299 Tribus
349 1249 489 1298 codicibus
513 1250 709 1314 manuscriptis
731 1250 802 1298 haec
826 1249 899 1299 ‘Lex
923 1251 1002 1312 Dei',
1029 1253 1069 1300 uti
1093 1253 1121 1300 in

156 1317 214 1367 illis
237 1317 305 1382 ipsis
329 1316 485 1375 codicibus,
511 1319 569 1366 sive
588 1319 657 1368 Mos,
682 1322 710 1366 et
726 1317 804 1368 Rom.
827 1317 919 1382 legum
940 1318 1071 1380 collatio,
1092 1326 1122 1368 ut

156 1401 229 1434 nunc
251 1385 411 1449 plerumque
437 1385 612 1445 inscribitur,
637 1385 671 1432 ad
695 1399 744 1435 nos
766 1387 907 1449 pervenit,
925 1385 1081 1436 Pithoeano
1100 1402 1120 1436 s.

156 1453 284 1517 Rosnico,
303 1467 375 1501 nunc
388 1452 571 1512 Berolineusi,
590 1452 773 1513 Vercelleusi,
793 1457 821 1502 et
833 1452 1053 1503 Vindobouensi:
1076 1456 1122 1518 qui

156 1536 251 1570 omnes
270 1520 413 1571 admodum
432 1522 554 1584 corrupti
573 1523 650 1582 sunt,
668 1536 720 1569 nec
739 1522 810 1569 inter
829 1536 858 1570 se
880 1520 953 1570 ullus
972 1536 1065 1570 eorum
1085 1523 1121 1570 ab

157 1589 212 1638 alio
235 1589 349 1652 pendet;
373 1588 582 1650 antiquissimus
611 1593 705 1637 tamen
727 1589 838 1640 videtur
860 1588 1063 1650 Berolinensis,
1089 1605 1122 1638 ex

158 1671 210 1720 quo
223 1655 355 1705 Pithoeus
370 1671 393 1706 a.
408 1657 482 1706 1573.
501 1657 616 1720 prImum
631 1655 815 1706 collationem
829 1656 928 1717 edidit3
949 1657 1122 1706 existimatur

157 1725 228 1772 enim
249 1739 311 1772 esse
330 1722 529 1791 seculi-octavi
547 1724 592 1774 vel
611 1726 689 1787 noni,
710 1725 797 1773 ceteri
815 1724 903 1772 seculi
920 1723 1073 1784 undecimi,
1094 1731 1122 1773 ct

156 1791 204 1840 ille
223 1797 253 1841 ut
272 1791 345 1840 solus
365 1790 499 1854 integrum
519 1793 642 1842 continet
660 1807 726 1856 opus
744 1790 790 1841 vel
803 1794 879 1840 certe
898 1791 943 1842 tit.
955 1791 1029 1840 XVI.
1048 1805 1121 1838 nunc

156 1859 283 1906 ultimum
303 1859 451 1923 (integrum
470 1859 541 1908 enim
560 1861 649 1924 ipsum
668 1873 735 1922 opus
749 1858 785 1907 ad
805 1872 854 1907 nos
867 1861 1038 1922 pervenisse,
1056 1856 1124 1905 licet

156 1924 307 1974 verisimile
326 1925 376 1986 sit,
395 1929 489 1974 tamen
508 1928 569 1989 quis
587 1925 786 1991 praestabitl),
806 1927 814 1972 i
830 1941 846 1972 a
872 1931 900 1974 et
918 1923 1074 1984 titulorum,
1093 1925 1123 1972 in

158 2006 225 2055 quos
244 1992 303 2054 ipse
322 1995 418 2041 auctor
437 2008 503 2057 opus
522 2009 599 2042 suum
612 1993 802 2053 distribuerat,
815 2005 951 2051 numeros,
966 2005 1123 2054 quanquam

157 2073 209 2108 nec
227 2058 287 2120 ipse
305 2059 437 2122 integros,
456 2067 550 2108 tamen
564 2059 742 2122 aliquatenus
756 2060 887 2120 servavit,
908 2058 955 2122 qui
974 2060 1002 2105 in
1021 2059 1123 2107 ceteris

159 2126 282 2190 capitum
300 2124 490 2175 distributioni
510 2141 629 2186 cessere,
651 2142 731 2190 quam
750 2127 779 2173 in
797 2125 923 2174 omnibus·
941 2125 1031 2173 tribus
1045 2125 1122 2176 codd.

158 2194 212 2243 soii
229 2191 401 2242 librariorum
421 2193 551 2242 licentiae
571 2193 675 2256 deberi,
695 2208 782 2256 nemo,
802 2195 848 2256 qni
860 2193 905 2242 vel
918 2207 1000 2241 uuum
1014 2191 1123 2240 illorum

157 2261 325 2326 inspexerit,
346 2260 493 2309 dubitabit.

226 2327 328 2378 Auctor
352 2327 519 2377 Collationis
543 2327 604 2390 quis
629 2328 679 2391 sit,
703 2327 855 2390 ignoratur.
890 2325 1017 2375 Rufinum
1041 2327 1123 2390 Aqui-

156 2396 289 2446 leiensem
307 2397 497 2460 presbyterum
511 2395 607 2457 fuisse,
628 2410 661 2444 ea
674 2395 791 2442 maxime
810 2394 844 2442 de
864 2409 949 2442 causa
967 2395 1124 2458 suspicatus

158 2478 218 2512 snm
244 2465 468 2526 argumentisque
492 2461 611 2512 instruxi
630 2459 777 2525 (Zeitschr.
800 2463 820 2510 f.
846 2461 939 2527 gesch.
959 2461 1026 2512 RW.
1045 2462 1123 2512 XIII.

160 2531 322 2593 comm.1.),
343 2531 415 2593 quod
433 2543 526 2578 rumor
544 2530 637 2579 seculo
656 2529 858 2578 decimosexto
877 2529 1087 2594 percrebuerat,
1107 2545 1121 2578 a

157 2598 298 2662 primariis
321 2598 389 2647 viris
413 2604 572 2662 susceptus,
597 2595 796 2647 ‘Collationem
820 2596 922 2646 habere
949 2601 979 2644 in
1006 2598 1124 2660 quadam

153 2663 326 2716 bibliotheca
358 2665 524 2715 Germaniae
556 2680 657 2714 nomen
688 2665 794 2713 Licinii
822 2663 913 2713 Rufini
946 2663 1123 2727 praefixum’.

159 2732 270 2782 Certius
297 2737 353 2797 cst,
388 2737 527 2782 auctorem
556 2731 743 2782 Christianum
774 2732 863 2781 fuisse
891 2747 977 2793 eoque
1009 2730 1124 2780 consilio

157 2801 229 2850 hanc
249 2799 336 2866 ‘legis
353 2801 424 2862 Dei’
444 2805 472 2849 et
495 2800 586 2864 legum
605 2801 791 2849 Romanarum
810 2797 1035 2864 compositionem
1059 2797 1123 2846 scri·

156 2871 260 2933 psisse,
284 2873 327 2930 ut,
353 2869 506 2932 praemissa
530 2868 616 2933 (quod
645 2867 756 2916 credere
784 2881 835 2929 par
862 2864 919 2928 est)
949 2865 1124 2928 praefatione

157 2951 229 2985 nunc
248 2935 400 2999 deperdita,
420 2951 472 3000 qua
490 2936 542 2985 hoc
561 2935 705 2984 consilium
725 2933 884 2998 aperiebat,
903 2947 932 2980 re
953 2933 1014 2995 ipsa
1032 2936 1125 2980 osteu—

158 3005 249 3067 deret,
274 3005 345 3068 quod
370 3005 426 3053 iam
445 3003 637 3070 (ljertqllianus
658 3001 766 3066 apolog.
785 3002 827 3049 45.
850 3000 983 3050 RomanIs
1007 2999 1141 3072 ethnicis'

159 3071 334 3132 obgesserat:
354 3073 428 3120 ‘dum
446 3075 562 3130 tamcn’,
582 3071 679 3134 inquit,
700 3068 817 3130 ‘sciatis
835 3068 912 3130 ipsas
926 3081 1033 3131 quoque
1046 3066 1139 3131 leges!

159 3133 267 3186 vestras
287 3137 335 3201 (sc.
355 3137 415 3203 ea),
435 3153 506 3200 quae
525 3138 655 3188 videntur
673 3137 708 3186 ad
727 3136 915 3185 innocentiam
938 3150 1070 3198 pergere,
1091 3133 1124 3181 de

160 3201 255 3253 divina
278 3204 339 3268 lege
361 3211 392 3256 ut
416 3205 571 3268 antiquiore
601 3206 688 3254 forma
710 3207 850 3253 mutuatas
874 3207 951 3252 esse'
976 3210 1004 3249 et
1027 3204 1138 3263 postea*

159 3272 221 3334 Leq
245 3271 363 3335 Magnus
393 3274 422 3322 in
450 3287 536 3322 causa
562 3271 759 3320 matrimoniali
786 3270 961 3335 praedicavit
990 3266 1043 3330 (ep.
1066 3264 1124 3329 167)

160 3338 256 3388 ‘multo
276 3339 350 3402 prins
368 3339 420 3388 hoc
439 3341 528 3404 ipsum
550 3340 669 3389 Domino
688 3338 890 3397 constituente,
916 3349 997 3399 quam
1015 3333 1125 3382 initium

159 3407 277 3455 Romani
303 3406 372 3455 iuris
400 3408 561 3456 existeret':
584 3422 673 3470 eoque
699 3406 778 3455 modo
800 3403 929 3454 IOtorum
952 3401 1125 3465 potissimum

160 3474 262 3524 fastum
281 3475 451 3538 reprimeret,
471 3475 563 3538 legem
582 3473 769 3524 Christianam
789 3477 837 3521 aut
859 3475 992 3534 tanquam
1016 3468 1126 3532 imperii

857 3552 921 3615 35*
