2588 3954
507 167 674 204 reserante.
1041 169 1071 204 11

95 309 267 385 prudentiae
282 308 440 366 vindicanda
456 325 517 365 esse
532 308 702 372 videbantur,
719 311 756 364 ita
771 318 859 365 tamen
875 317 906 365 ut
918 309 941 364 si
956 309 1071 382 scripto·

94 428 143 467 res
160 411 249 484 magis
265 409 315 465 aiia
325 401 412 466 castra
427 417 538 466 secutos
553 402 614 497 esse
629 418 780 481 constaret,
803 409 836 465 de
852 410 917 474 boc,
939 411 1070 466 asterisco

95 513 205 568 nomini
221 527 319 567 eorum
339 512 477 602 apposito,
500 513 602 568 tirones
623 510 830 568 admonerem
850 511 905 567 Nec
926 520 1014 567 tamen
1035 513 1072 567 ita
1116 493 1119 502 ¹

96 613 166 668 mibi
182 612 290 687 placeo,
306 620 338 668 nt
352 611 396 668 vel
406 613 475 668 banc
489 614 575 686 ipsam
590 605 711 668 normam
727 611 852 668 omnibus
867 584 962 668 barum
981 627 1071 668 rernm
1107 681 1109 686 ,

96 713 197 788 peritis
213 711 358 786 probatum
373 714 406 768 iri
423 713 487 769 vei
479 728 507 768 m
523 711 673 770 adhibenda
683 727 715 769 ea
730 713 763 769 ad
774 714 903 787 singulos
923 715 1071 788 scriptores

96 829 243 887 nunqnam
258 827 385 887 peccasse
405 812 548 870 ooniidam.
585 812 664 882 Quod
680 794 714 869 ad
736 821 856 870 extrema
876 817 981 888 imperii
1004 822 1072 870 tem·

79 931 168 989 upora
195 916 309 978 attinet,
337 916 395 988 ipsa
415 916 484 970 ratio
506 907 633 977 iaciebat,
655 921 813 989 ntpraeter
828 915 1069 980 consultationem,

98 1015 364 1072 iurisconsultorum
381 1015 588 1072 occidentaiinm
603 1015 698 1090 tetum,
715 1009 795 1071 etism
808 1031 876 1090 qnae
891 1033 924 1073 ex
936 1031 1072 1074 commen·

80 1095 177 1172 ¹tantis
194 1115 361 1182 Graecorum
381 1109 451 1174 iuris¹
470 1119 650 1190 interpretum
670 1116 819 1174 iustiniauo
841 1118 932 1192 pantio
955 1119 1071 1174 antedo-

28 1255 36 1264 ·
97 1234 161 1272 rum
177 1230 342 1290 quemqnam
359 1217 477 1274 inlibris
493 1217 559 1273 iuris
581 1218 802 1290 postiustinianei
823 1225 986 1293 supersunt,
1009 1219 1072 1274 hnic

98 1319 213 1392 corpori
236 1308 421 1391 ddinngerem.
457 1333 506 1374 uec
526 1317 704 1379 iniucundum
723 1317 766 1373 vei
786 1317 986 1375 infructuosum
1008 1318 1072 1374 ado·

97 1418 271 1476 iescentibns
297 1419 356 1476 iore
382 1433 478 1492 spero,
500 1419 668 1507 qniamplis
688 1419 863 1476 Basilicornm
889 1419 1071 1475 voluminibus

9 1555 10 1558 =
98 1521 238 1576 deterreri
252 1520 357 1582 soient,
372 1521 396 1576 si
411 1521 461 1576 hac
475 1522 553 1594 qnasi
568 1519 735 1594 promulside
751 1509 990 1577 monumentorum
1006 1521 1070 1576 iuris

9 1683 11 1690 ¹
99 1619 332 1677 Graeco-Romani
346 1620 443 1680 studio¹
454 1620 616 1693 imbuantur.
647 1619 789 1677 Ediverso
805 1623 886 1678 etiam
900 1629 975 1678 recte
990 1617 1071 1695 atque

102 1723 200 1778 ordine
225 1721 322 1778 iecisse
338 1721 402 1778 mihi
417 1721 525 1786 videor,
548 1721 622 1795 quod
643 1721 851 1797 'Visig‘otbornm
869 1722 1079 1797 interpretatio-k

101 1839 166 1880 nem
182 1823 267 1878 omisi
280 1830 308 1878 et
327 1839 362 1878 ne
374 1821 476 1878 ¹Paulli
489 1822 761 1902 quidemSententiis
782 1823 894 1880 subieci.
924 1824 995 1880 iiam
1011 1839 1072 1879 cnm

9 1927 10 1932 ’
102 1923 219 1980 dicimus
235 1924 278 1979 ins
292 1923 555 1986 ant'einstinianenm,
572 1926 651 1980 etiem
668 1923 874 1999 visigothorum
886 1923 1073 1998 iurispruden·

10 2031 11 2052 ¹
102 2027 167 2082 tiam
183 2023 330 2082 excindere
343 2024 473 2088 videmur,
487 2041 501 2080 a
517 2023 614 2098 quitus
630 2027 658 2082 in
670 2025 810 2082 occidente
819 2041 879 2081 non
890 2027 978 2082 minus
992 2041 1072 2097 quam

106 2142 118 2181 a
134 2125 288 2182 instinisno
304 2128 331 2182 in
348 2127 453 2182 oriente
469 2141 538 2182 nova
552 2128 619 2182 iuris
635 2133 663 2182 et
684 2128 798 2182 civitatis
819 2123 939 2182 conditio
960 2126 1070 2198 incepit.

12 2249 14 2310 ς
102 2225 140 2282 Ex
161 2226 231 2302 Gaio
253 2235 357 2282 tantum
378 2228 406 2284 io
427 2235 524 2283 novans
550 2227 663 2283 sormam
690 2225 722 2282 ab
747 2227 780 2282 iis
807 2226 917 2296 redacto
943 2225 1072 2300 quaedam

13 2355 17 2394 ι,
105 2328 235 2402 genuinis
249 2328 308 2382 eins
320 2327 540 2406 institutionibus
555 2329 583 2384 in
598 2328 671 2383 notis
687 2323 797 2390 subieci,
805 2329 954 2400 spectantia
969 2326 1073 2384 seilicet

104 2428 136 2484 ad
152 2443 203 2484 eos
218 2427 305 2492 iocos,
321 2431 368 2502 qni
385 2430 413 2486 in
429 2429 522 2486 codice
537 2429 686 2484 Veronensi
700 2429 847 2501 perierunt.
923 2489 925 2494 ¹

169 2528 246 2596 Quae
264 2531 413 2603 receperIm
440 2529 481 2586 vei
508 2545 563 2585 non
591 2529 754 2602 receperim,
781 2525 904 2612 exposui.
947 2528 1072 2585 'Alterum

15 2631 16 2634 ’
106 2637 181 2693 eret,
201 2635 236 2684 nt
254 2638 362 2703 recepta
384 2629 609 2704 quemadmodum
632 2629 822 2692 ordinaverim,
848 2626 974 2686 dicerem.
1019 2629 1072 2685 Sed

106 2731 240 2803 temporis
255 2729 562 2805 ordinem‘seqneudnm
578 2747 647 2794 esse,
662 2731 700 2787 ita
713 2745 757 2786 res
772 2731 829 2804 ipsa
843 2724 953 2794 clamat,
970 2738 1001 2787 nt
1015 2731 1073 2787 eius

106 2833 243 2888 rationem
258 2831 373 2888 reddere
387 2826 535 2905 insipidum
550 2831 633 2888 soret:
662 2829 802 2888 Difficilius
820 2839 891 2896 erat,
914 2829 1073 2906 quibusdam

107 2931 289 3006 scriptoribus
310 2938 432 2988 ceterum
453 2934 571 3007 ignotis,
598 2932 642 2988 vel
661 2935 784 3007 seriptis,
813 2947 928 3005 qnorum
948 2941 1072 2988 auctores
1095 2987 1097 2991 ,

108 3034 280 3108 ignorantur,
298 3049 347 3090 sna
361 3017 484 3108 tempora
500 3035 645 3108 assignare.
677 3033 829 3106 Scriptores
844 3031 883 3089 iili
897 3047 990 3090 omnes
1006 3034 1074 3090 anti·

54 3217 58 3226 A
109 3135 215 3207 quioris
232 3133 291 3190 sevi
304 3141 384 3198 sunt;
405 3136 434 3190 iu
449 3135 491 3192 bis
506 3135 686 3209 ignorantiam
701 3133 852 3196 consessus,
868 3134 1073 3218 tamenproba·

107 3233 208 3292 biiitate
225 3233 341 3308 quadam
358 3249 423 3292 usns
438 3251 508 3298 snm,
524 3235 637 3292 maxime
649 3251 683 3292 es
694 3249 786 3292 rernm
798 3241 969 3290 tractatarum
982 3235 1073 3290 indole

22 3403 23 3412 2
106 3337 276 3410 argumentis
291 3335 391 3392 ductis.
429 3335 458 3392 iu
473 3337 581 3410 scriptis
597 3351 661 3392 vero
676 3351 740 3410 prae
755 3335 852 3392 ceteris
874 3351 981 3408 operam
1002 3333 1073 3395 dedi,

23 3519 28 3535 υ
107 3446 133 3494 ut
148 3446 302 3500 auctorem,
320 3437 352 3492 ad
368 3452 449 3511 quem
465 3437 641 3512 probabiliter
653 3437 749 3494 referri
761 3436 933 3498 viderentur,
950 3435 1073 3506 exquire·
