2648 3974
223 169 273 218 356
586 183 683 218 rvarvs
702 182 835 218 eavnavs.

224 323 330 385 partem
350 335 397 370 eos
414 321 562 370 retinuisse
582 317 704 383 (Haenel
723 322 811 385 praef.
831 321 865 371 ad
878 323 910 371 L.
924 324 1002 372 Rom.
1016 323 1074 376 Vis.
1093 341 1119 390 p.
1132 324 1193 390 tx.)

225 397 351 453 cumque,
369 393 400 437 nt
418 389 473 453 ipsi
492 389 570 438 aiunt
589 389 679 451 [initio
697 389 749 454 lib,
761 390 844 440 I.'tit.
862 388 906 455 1.),
928 407 961 440 ea
980 396 1088 441 tantum
1103 408 1136 442 ex
1149 393 1195 442 his

225 454 378 506 Sententiis
398 457 506 520 corpori
528 471 576 506 suo
598 457 737 506 voluerint
760 457 884 524 annecti,
905 463 994 522 ‘quac'
1018 456 1048 508 in
1065 456 1193 510 Theodo-

226 525 305 572 siano
320 521 421 574 Codice
440 539 489 588 pre
508 524 667 574 dirimendis
685 524 781 574 litibus
799 533 853 575 non
872 527 1052 576 inveniuntur
1065 528 1193 590 inserta’,

226 605 309 655 aegre
329 591 426 641 credas
451 591 582 641 maiorem
605 597 712 657 partem
736 607 782 642 eos
805 593 904 643 Paullo
928 594 1084 658 reliquisse.
1119 597 1194 646 Huic

224 673 291 707 vero
310 661 334 708 si
353 658 502 722 addideris,
523 675 602 723 quae.
614 663 761 726 praeterea
779 661 860 710 nobis
879 666 992 710 servata
1010 669 1083 728 sunt,
1102 657 1137 712 no
1158 663 1193 712 ad

186 737 187 740 ’
226 729 353 789 quartam
366 727 477 790 quidem
487 732 591 791 partem
605 729 759 792 pervenies,
779 734 911 792 quantam
928 745 962 778 ex
975 731 1095 794 genuino
1109 746 1192 796 opere

225 793 337 842 circiter
350 809 392 842 ¹su
414 799 506 846 cresse
526 797 718 860 Schultingius
737 793 810 858 (init.
830 798 923 846 adnot.
944 798 979 846 ad
1001 798 1138 861 Paullum)
1165 803 1194 848 et

223 859 370 910 Arndtsius
390 811 494 926 (Praei
514 883 539 930 p.
560 863 604 928 X.)
625 865 756 914 arbitrati
774 870 846 914 sunt.

252 947 254 952 ’
293 927 348 978 Sed
367 935 455 984 satius
474 933 559 986 fuerit
578 949 721 1002 quaerere,
741 948 776 981 an
795 947 828 982 ea
847 932 962 996 saltem,
982 948 1052 998 quae
1077 934 1106 982 in
1130 927 1200 984 bre-¹

152 1034 155 1036 .
223 995 308 1045 viatia
322 995 474 1054 Sententiis
490 1004 617 1070 legimus,
636 1004 746 1068 integre
767 1001 802 1049 ad
819 1015 869 1048 nos
888 1002 1075 1065 pervenerint.
1113 1003 1193 1064 Quod

224 1063 257 1112 de
275 1065 344 1128 ipsis
363 1075 510 1122 sententiis
528 1074 569 1121 ita
587 1069 726 1120 affirmare
746 1069 844 1129 ausim,
863 1074 894 1116 ut
912 1070 1038 1119 consulto
1050 1071 1098 1120 vix
1116 1071 1193 1134 quic:

224 1145 306 1192 quam
323 1142 457 1188 mutatum
476 1142 510 1190 ab
531 1140 636 1189 Alarici
655 1137 836 1203 prudentibus
856 1141 958 1200 putem,
978 1137 1032 1188 nisi
1049 1138 1111 1202 ipsa
1131 1139 1192 1187 bre-

222 1200 345 1254 viatione
374 1221 406 1256 eo
430 1208 657 1271 perducerentur,
681 1209 711 1254 ut
735 1207 819 1254 etiam
847 1210 996 1254 mutarent.
1037 1207 1095 1256 Nec
1120 1207 1192 1255 enim

222 1273 416 1323 mutandarum
439 1275 530 1338 legum
548 1275 597 1324 sed
620 1273 811 1338 eligendarum
834 1276 1002 1334 potestatem
1026 1287 1074 1322 rex
1092 1273 1126 1321 iis
1145 1272 1193 1323 de-

223 1335 314 1400 derat,
336 1345 367 1390 ut
391 1342 452 1406 ipse
475 1343 503 1392 in
528 1342 743 1391 Commonitorio
770 1343 906 1401 testatur,
931 1345 959 1389 et
986 1340 1010 1388 si
1037 1342 1193 1391 sententias

186 1423 188 1428 ’
223 1409 330 1467 pariter
343 1410 378 1457 ‘in
396 1410 541 1473 Breviario
564 1410 639 1458 etin
659 1407 815 1457 Collatione
838 1406 883 1456 vel
902 1406 1113 1457 consultatione
1136 1423 1192 1457 ser-

224 1480 307 1525 vatas
330 1475 480 1525 contuleris
503 1473 585 1540 (quas
608 1475 718 1526 Haenel
739 1475 760 1524 l.
780 1490 803 1524 c.
827 1479 884 1525 not.
903 1477 946 1524 27.
971 1475 1111 1540 collegit),
1136 1491 1211 1526 non⁴

223 1543 296 1591 alias
314 1545 451 1606 repereris
475 1544 693 1608 discrepantias,
714 1557 795 1607 quam
821 1542 1090 1605 quae'librariorum
1113 1543 1191 1594 vitiis

204 1658 206 1661 .
222 1610 408 1674 probabiliter
426 1611 603 1662 tribuantur.²
638 1611 778 1660 Interdum
796 1625 863 1658 vero
882 1613 1088 1674 excerptionem
1107 1612 1192 1660 etiam
1210 1621 1211 1624 ’

169 1728 173 1738 ,
224 1678 403 1726 mutationem
422 1683 545 1728 secutam
567 1693 628 1728 esse
647 1677 724 1727 velut
743 1693 776 1726 ex
793 1675 816 1730 Ι.
837 1679 859 1725 1.
879 1675 927 1740 88.
946 1679 970 1726 2.
991 1679 1055 1728 3.1.
1075 1679 1100 1740 ⁹·
1120 1677 1147 1742 S.
1167 1681 1192 1728 2.

223 1746 262 1795 Π.
279 1747 321 1796 26.
342 1743 370 1808 S.
383 1748 407 1795 7.
426 1745 477 1795 III.
496 1748 519 1796 6.
540 1745 622 1810 §.15.
644 1744 756 1796 collatis
774 1758 836 1796 cum
852 1744 950 1794 iisdem
969 1746 1116 1795 sententiis
1136 1746 1213 1810 alio¹

224 1813 357 1862 modoad
376 1829 425 1863 nos
443 1814 560 1877 perlatis
580 1814 676 1878 colligi
693 1817 794 1878 potest.
831 1811 895 1860 Alia
918 1813 1026 1862 omnino
1045 1828 1131 1870 causa
1150 1818 1193 1862 est

225 1880 378 1930 titulorum.
423 1881 497 1942 Quos
522 1881 630 1946 quidem
659 1883 746 1946 ipsum
770 1877 898 1928 Paullum
924 1879 1041 1944 singulis
1068 1882 1192 1930 materiis

221 1953 290 2012 'apte
309 1951 524 2014 praescripsisse
543 1949 669 1998 dubitare
681 1963 742 1996 «non
759 1945 835 1997 licet.
872 1947 926 1996 Sed
949 1947 978 1995 in
1000 1947 1046 1997 his
1064 1950 1192 1998 omitten-

207 2016 275 2074 dis,
292 2015 440 2081 fingendis',
461 2015 668 2080 corrumpendis
691 2031 745 2064 non
764 2015 852 2062 minus
875 2014 904 2061 in
926 2013 968 2064 his
988 2013 1193 2066 Sententiarum

226 2099 307 2149 quam
330 2085 358 2132 in
382 2084 445 2134 aliis
468 2085 605 2134 similibus
629 2083 707 2133 libris
736 2097 788 2132 nec
812 2081 890 2130 modo
914 2078 1021 2130 Alarici
1035 2084 1193 2147 'prudentes

225 2150 274 2201 sed
293 2151 377 2202 etiam
395 2150 503 2202 librarii
520 2152 686 2202 vetustiores
706 2155 734 2200 et
752 2149 920 2213 posteriores
933 2149 973 2197 ita
986 2149 1107 2214 grassati
1121 2156 1192 2209 sunt,

225 2223 256 2268 nt
274 2219 308 2268 de
327 2234 420 2269 corum
439 2221 562 2283 genuina
580 2219 655 2268 facie
674 2215 849 2268 restituenda
867 2231 978 2280 prorsus
991 2215 1193 2282 desperandum

226 2285 286 2336 sits
308 2287 371 2336 'Hos
389 2301 454 2336 vero
473 2287 497 2334 si
516 2287 669 2350 exceperis,
687 2286 716 2334 in
735 2284 801 2334 crisi
820 2285 975 2333 exercenda
993 2284 1063 2332 nihil
1081 2284 1193 2348 quidem

226 2355 329 2411 obstat,
349 2367 402 2416 quo
420 2353 509 2403 minus
528 2359 561 2416 et⁴
574 2354 604 2402 in
621 2354 674 2402 hoc
693 2367 784 2416 opere,
804 2351 874 2414 qaod
892 2353 952 2415 ipso
965 2350 1063 2400 Paullo
1076 2352 1193 2416 dignum

225 2423 275 2477 sit,
301 2435 334 2468 ex
357 2421 494 2483 scriptura
517 2421 597 2480 nobis
620 2421 723 2469 tradita
748 2417 859 2468 efficere
882 2433 1024 2469 conemur:
1047 2422 1078 2466 ut
1099 2424 1194 2470 tamen

136 2537 137 2542 ,
187 2511 191 2515 -
224 2503 280 2536 ιιοιι
297 2501 391 2537 omnes
410 2487 485 2537 locos
503 2489 556 2538 hoc
574 2488 654 2538 modo
673 2487 766 2537 sanari
785 2501 867 2550 posse
887 2501 1036 2551 speremus.
1066 2487 1103 2536 Et
1122 2487 1194 2538 haec

224 2556 272 2604 lex
291 2554 387 2602 critico
411 2555 478 2604 data
497 2559 575 2606 tanto
600 2557 688 2605 maius
706 2554 792 2604 babet
810 2559 991 2617 momentum,
1011 2549 1082 2618 quod
1100 2555 1193 2606 Paulli

225 2619 396 2680 Sententiae,
416 2637 477 2670 cum
495 2624 613 2673 manime
632 2623 697 2671 inde
716 2637 733 2671 a
753 2621 845 2670 seculo
859 2623 954 2684 quinto
974 2622 1193 2686 quamplurimis

225 2689 361 2753 exemplis
381 2695 589 2754 spargerentur,
609 2695 716 2739 mature
739 2689 817 2738 vitiis
840 2689 1002 2751 inquinatas
1027 2705 1102 2752 esse,
1122 2689 1192 2740 adeo

224 2761 255 2806 ut
272 2773 324 2806 nec
342 2757 363 2805 ii
382 2757 501 2819 codices,
521 2759 617 2823 quibus
635 2757 785 2808 Iustiniani
809 2759 837 2804 ct
854 2755 961 2806 Alarici
978 2757 1130 2821 prudentes
1149 2757 1192 2806 usi

225 2829 298 2886 sunt,
318 2825 353 2874 ab
372 2825 426 2874 hac
443 2824 507 2875 labe
526 2828 660 2874 immunes
678 2825 794 2886 fuerint,
812 2839 867 2873 non
885 2824 963 2874 modo
983 2823 1119 2874 credibile
1139 2829 1191 2888 est,

225 2893 274 2942 sed
293 2893 377 2942 etiam
396 2893 458 2957 ipsa
476 2909 505 2942 re
526 2893 729 2956 comprobatur.

293 2959 361 3010 Cum
378 2976 444 3010 vero
461 2961 517 3010 iam
536 2961 570 3010 ad
583 2958 708 3010 Paullum
727 2960 884 3024 integritati
901 2973 969 3010 suae
988 2958 1196 3010 restituendum¹

225 3028 389 3086 venerimus,
407 3027 524 3092 primum
543 3029 685 3078 sciendum
704 3031 758 3089 est,
779 3028 918 3091 epitomae
937 3026 1118 3077 Alaricianae
1137 3042 1194 3077 non

225 3195 246 3258 2)
267 3197 300 3245 lle
312 3198 341 3247 ll.
355 3205 388 3243 26.
403 3194 430 3258 3,
444 3205 463 3248 t.
483 3197 538 3248 coll.
559 3211 612 3246 cum
626 3197 709 3246 Collat.
722 3197 759 3246 lv.
773 3204 805 3246 12.
824 3193 850 3258 S.
864 3205 884 3245 6.
903 3197 933 3245 ad
951 3197 1017 3246 illum
1035 3198 1114 3245 locum
1132 3197 1194 3245 diri·

225 3279 285 3312 mus.
350 3261 370 3324 ⁸)
385 3264 420 3312 Cf.
437 3280 471 3313 er.
485 3279 520 3324 gr.
534 3265 562 3315 ll.
576 3273 608 3316 ιιι,
628 3265 669 3314 Ill.
682 3265 726 3314 rB.
745 3265 782 3312 lv.
795 3272 816 3314 4,
830 3272 850 3315 ι.
869 3264 895 3314 v.
910 3273 941 3315 10.
956 3273 989 3312 ιι.
1008 3265 1131 3314 Praeterea
1145 3264 1194 3315 vid.

226 3333 307 3380 Cuiac.
322 3331 351 3379 nd
365 3331 390 3380 V.
403 3340 449 3389 ιιι,
464 3332 594 3392 Seliniting.
607 3332 637 3381 nd
650 3332 744 3381 initium
756 3332 812 3381 libri
826 3333 908 3394 primi,
928 3332 1068 3380 Haimbach.
1082 3333 1106 3381 in
1121 3333 1194 3382 Gera-

226 3399 288 3448 derl.
301 3400 400 3462 aspera
412 3401 477 3463 Lips.
494 3407 550 3448 1813.
564 3401 605 3448 lll.
619 3415 643 3463 p.
657 3407 694 3447 139
707 3413 770 3460 seq„
789 3399 885 3448 Haenel.
900 3401 1002 3449 Praelat.
1015 3401 1045 3448 acl
1064 3401 1110 3459 leg.
1125 3401 1194 3452 aon.

227 3467 275 3513 Vis,
290 3481 312 3528 p.
327 3466 385 3514 llVll
399 3481 450 3530 seq.
