2634 3966
193 196 242 244 104
492 206 554 241 eeu
574 206 678 244 rusurr.
704 193 723 243 l.
743 193 851 243 15-20.

253 347 298 407 16.
324 350 351 405 Si
374 365 438 404 uero
461 350 487 404 in
509 348 583 404 nulla
603 348 650 404 tali
672 348 841 421 turpitudine
866 349 902 402 sit
927 365 1038 412 seruus,
1057 367 1160 420 manu·

149 452 171 497 1,
190 437 303 490 missum
319 433 401 489 morlo
418 435 505 488 ciuem
519 431 683 495 lloma'num,
705 433 786 488 modo
801 432 925 488 latinum
946 431 1004 488 lieri
1019 429 1159 512 dieelmus.

187 515 229 576 17.
254 519 319 573 Nam
335 520 363 574 in
379 519 455 573 ouius
471 534 588 591 persona
603 518 653 573 tria
674 517 740 572 haee
761 526 941 580 concurrunt,
968 527 997 572 ut
1018 521 1103 574 maior
1124 521 1161 573 sit

188 619 321 658 annorum
337 604 458 676 triginta,
475 609 502 656 et
518 619 550 658 ex
565 604 623 657 iure
639 600 781 668 Quiritium
798 600 913 664 domini,
936 611 963 656 et
985 603 1056 658 iusta
1077 619 1107 658 ao
1121 604 1159 658 le·

188 687 508 762 giumo-manumissione
524 686 669 749 liberetur,
690 686 718 740 id
740 694 782 742 est
803 685 921 741 uindicta
943 694 988 741 aut
1009 704 1093 742 eensu
1114 695 1160 742 aut

188 780 368 834 testamento,
391 773 415 826 is
438 772 506 826 ciuis
521 769 658 827 Romanus
674 769 718 832 lit:
741 772 783 824 sin
799 786 866 828 uero
882 770 983 845 aliquid
1004 787 1098 827 eorum
1115 771 1161 825 tle·

188 858 248 919 erit,
266 855 375 911 latinus
391 856 451 910 erit.

252 975 294 1028 Vl.
318 990 359 1029 nn
384 988 619 1031 unuvureeroun
640 990 700 1030 vnn
723 988 842 1030 causan
857 987 1067 1030 rnoearroun.
1112 970 1158 1029 18.

190 1058 268 1126 Quod
284 1066 376 1112 autem
392 1057 425 1114 de
441 1066 528 1112 aetate
544 1058 616 1112 serni
631 1058 787 1130 requiritur,
804 1057 867 1131 lego
882 1057 956 1112 Aelia
967 1058 1059 1112 Sentio
1074 1059 1161 1112 intro·

190 1143 302 1198 ductum
324 1149 374 1197 est.
412 1159 473 1197 nam
494 1159 526 1197 ea
546 1141 589 1196 lex
612 1143 730 1196 minores
750 1160 813 1198 xxx
835 1159 967 1197 annorum
988 1158 1083 1196 seruos
1105 1159 1161 1198 non

190 1227 268 1282 aliter
283 1226 370 1282 uoluit
386 1227 565 1282 manumissos
581 1227 655 1280 ciues
666 1225 801 1280 Romanos
818 1225 884 1289 fieri,
901 1243 980 1299 quam
997 1227 1019 1280 si
1032 1225 1161 1289 uindicta,

189 1314 264 1386 apud
282 1310 424 1366 eonsilium
446 1312 517 1366 iusta
538 1327 617 1366 eausa
638 1312 854 1366 manumissionis
876 1310 1035 1384 adprobata,
1056 1309 1161 1365 liberati

189 1397 302 1452 suerint.
347 1391 391 1451 19.
415 1395 487 1450 Iusta
509 1402 598 1450 autem
619 1411 698 1449 causa
720 1396 937 1451 manumissionis
965 1403 1006 1450 est
1033 1395 1117 1450 ueluti
1138 1396 1162 1450 si

191 1482 251 1552 quis
269 1479 352 1534 filium
366 1478 482 1535 filiamue
498 1487 544 1534 aut
561 1479 671 1534 fratrem
688 1495 846 1535 sororemue
863 1480 1021 1543 naturalem,
1041 1487 1087 1535 aut
1106 1479 1161 1534 alu·

190 1581 297 1626 mnum,
321 1571 368 1618 aut
385 1559 607 1637 '’paedagogum,
619 1557 640 1595 ¹¹
659 1570 705 1618 aut
720 1577 831 1619 seruum
847 1566 1031 1637 procuratoris
1048 1564 1163 1619 habendi

191 1651 293 1722 gratia,
316 1655 362 1702 aut
378 1647 501 1702 ancillam
516 1649 679 1702 matrimonii
700 1665 792 1710 eausa,
816 1652 889 1722 apud
907 1649 1049 1704 eonsilium
1069 1665 1162 1702 manu·

190 1734 251 1787 mitt
268 1740 288 1787 t.

258 1849 312 1904 Vll.
336 1865 378 1905 nn
400 1864 709 1908 usovrraaronlees
761 1846 812 1907 20.
838 1849 984 1906 Consilium
1005 1858 1094 1904 autem
1116 1849 1161 1904 arl-

193 1933 305 1990 hihetur
320 1936 349 1990 in
365 1934 431 1990 urhe
446 1933 529 1990 lloma
551 1934 659 2006 quidem
681 1936 800 2008 quinque
822 1943 978 1992 senatorum
998 1942 1026 1990 et
1041 1935 1162 2008 quinque

192 2021 317 2091 equitum
331 2018 514 2076 Romanorum
529 2019 673 2092 puberum;
690 2021 718 2074 in
732 2021 882 2092 prouinciis
899 2028 988 2075 autem
1004 2020 1104 2092 uiginti
1120 2035 1162 2074 re·

192 2112 384 2176 superatorum
406 2105 506 2160 ciuium
526 2102 718 2160 Romanorum.
756 2104 838 2176 ithue
866 2103 896 2159 fit
919 2104 1013 2160 ultimo
1034 2103 1077 2159 die
1099 2120 1162 2159 con·

191 2196 305 2254 uentus;
334 2189 384 2244 sed
407 2187 505 2244 Romae
533 2190 614 2244 certis
635 2188 729 2244 diebus
756 2191 830 2260 apud
854 2189 996 2247 eonsilium
1021 2189 1163 2244 manumit-

192 2280 298 2328 tuntur.
344 2273 456 2329 Maiores
478 2290 545 2328 uero
569 2274 679 2346 triginta
700 2289 831 2328 annorum
853 2274 927 2328 serui
948 2289 1055 2346 semper
1070 2289 1162 2327 manu·

192 2357 266 2412 mitti
280 2356 379 2419 solent,
396 2357 462 2412 adeo
480 2365 509 2412 ut
524 2358 569 2413 uel
583 2359 611 2412 iu
626 2359 743 2412 transitu
758 2359 989 2418 manumittantur,
1004 2356 1089 2412 ueluti
1101 2372 1162 2411 oum

195 2448 307 2512 praetor
332 2447 378 2495 aut
403 2458 453 2513 pro
482 2442 594 2497 consule
619 2443 647 2496 iu
672 2441 797 2497 balneum
821 2442 865 2497 uel
890 2443 918 2497 in
944 2444 1078 2497 theatrum
1108 2447 1161 2494 eat.

195 2688 290 2750 deinde)
313 2692 353 2742 ed.
371 2688 421 2752 By.
439 2699 459 2737 5.
506 2687 537 2754 ¹¹)
555 2693 729 2756 paedagogum
749 2693 861 2755 intellige
879 2692 1014 2741 liberorum
1030 2692 1163 2740 manumis-

195 2759 263 2806 soris
282 2755 324 2818 (L.
344 2766 377 2808 ³5.
395 2757 428 2806 D.
446 2759 478 2806 de
493 2759 577 2821 fidele.
596 2757 637 2808 tio.
655 2767 691 2818 411,
709 2759 741 2824 a).
772 2759 851 2822 Infra
869 2757 895 2822 3.
914 2769 946 2808 39.
965 2761 1115 2822 intelliyitor
1132 2761 1162 2816 is,

196 2826 240 2890 qai
262 2826 342 2888 ipsum
365 2827 567 2875 manumissorem
590 2828 699 2876 instituit
723 2825 767 2888 (L.
792 2835 826 2875 ta.
858 2827 891 2876 D.
913 2829 945 2877 de
967 2843 1071 2876 ortanam.
1095 2827 1162 2876 vind.

196 3075 222 3144 §.
237 3080 278 3129 16.
299 3078 338 3141 Of.
356 3079 405 3128 Fr.
418 3079 516 3128 Dorion.
535 3090 553 3128 a.
573 3089 605 3128 13.
679 3075 759 3144 311.
781 3081 820 3142 Cf.
840 3080 1109 3144 Utp.1,e.1o.1a.1o.
1129 3078 1163 3130 L.

197 3156 231 3198 11.
250 3146 278 3195 0.
291 3147 323 3195 de
335 3154 385 3195 aet.
400 3149 476 3209 empti
488 3148 518 3207 (t,
531 3146 576 3208 19).
646 3143 670 3212 3
687 3149 726 3196 18.
748 3147 787 3210 Cf.
801 3148 859 3211 Ulp.
874 3159 891 3205 1,
906 3156 937 3198 11.
956 3147 1002 3199 Fr.
1016 3146 1115 3195 Dosith.
1130 3154 1162 3194 13.

199 3215 250 3264 Cic.
268 3229 318 3276 pro
336 3213 420 3263 Balbo
438 3223 457 3262 8.
477 3215 509 3263 L.
525 3223 548 3262 16
559 3230 601 3279 pr.
624 3215 656 3265 D.
670 3217 703 3264 de
719 3231 823 3264 manum.
842 3216 910 3266 vind.
926 3219 968 3274 (40,
982 3213 1013 3278 2).
1034 3214 1067 3266 L.
1080 3223 1112 3264 27.
1130 3213 1164 3262 D.

197 3284 230 3331 de
242 3297 347 3330 ananum.
363 3290 420 3331 teat.
435 3281 524 3343 (1ο,1).
544 3284 594 3343 lege
606 3283 670 3330 Aelia
685 3279 774 3347 Sentio]
793 3300 818 3335 a.
831 3291 851 3332 3.
921 3280 1003 3348 319.
1028 3282 1069 3343 Cf.
1087 3279 1114 3344 3.
1131 3289 1165 3332 39.

262 3346 287 3416 3.
302 3348 343 3398 20.
364 3349 404 3412 Cf.
420 3350 480 3413 erp.
496 3359 514 3411 1,
530 3359 553 3398 13
565 3366 589 3402 n.
602 3348 629 3412 3.
644 3359 666 3398 2.
685 3349 709 3398 I.
723 3351 755 3398 de
768 3350 849 3400 libert.
865 3349 895 3413 (Ι,
911 3355 944 3411 5).
967 3349 1097 3412 Theoplit.
1112 3358 1129 3404 1,
1143 3357 1163 3396 5.
1304 3363 1310 3383 ·¹

197 3415 244 3480 33
258 3426 314 3470 2.1.
334 3427 352 3477 1,
366 3426 385 3469 6.
407 3416 434 3480 3
449 3427 471 3466 1.
489 3418 522 3468 L.
535 3426 560 3466 16
572 3433 613 3480 pr.
633 3417 665 3468 D.
684 3419 716 3466 cle
732 3433 836 3470 mantem.
854 3420 921 3466 vinci.
937 3417 984 3480 (111,
998 3416 1029 3478 2).
1049 3417 1081 3466 l..
1096 3425 1115 3466 1.
1135 3415 1163 3464 0.
1189 3431 1191 3437 ·
1262 3451 1266 3456 -

196 3487 253 3534 eod.
273 3484 311 3548 (7,
331 3486 365 3546 1).
385 3486 446 3535 Leoe
462 3486 534 3537 Flno.
552 3484 670 3548 Salpeae.
688 3493 721 3535 18.
740 3484 797 3534 L.3
813 3501 856 3549 pr.
884 3485 930 3537 Th.
948 3485 975 3533 0.
994 3487 1026 3533 de
1045 3491 1121 3533 tutor.
1140 3487 1165 3531 et
1308 3517 1310 3526 .
