2588 3954
206 203 250 238 111
608 201 773 238 Pannonio.

207 345 254 400 riis
275 352 303 400 et
318 341 467 400 commodis
488 343 647 399 inserviens.
685 341 768 398 Etiam
791 341 1010 417 orthographiam
1030 359 1086 398 non
1106 357 1174 406 eam,

208 461 277 519 quae
299 445 326 500 in
347 443 485 501 codicibus
507 443 697 518 manuscriptis
718 443 885 500 diversorum
912 445 1075 518 scriptorum
1102 445 1175 500 varie

209 545 381 608 observatur,
397 545 445 602 sed
461 545 518 602 lere
540 544 678 618 aequalem
698 559 826 618 eamque,
847 561 900 618 qua
920 561 993 601 numo
1013 545 1175 618 pierumque

208 648 323 709 utimur,
340 646 459 704 adhibui.

272 748 418 804 adnotatio
433 749 531 821 partim
553 746 586 802 ad
600 747 785 820 integritatem
801 755 1038 804 monumentorum
1058 754 1172 820 spectat,

210 850 307 923 partim
322 848 355 904 ad
369 847 634 922 interpretationem.
658 847 698 902 hd
713 847 786 903 iilarn
802 848 875 921 quod
891 848 1002 911 attinet,
1015 849 1173 904 universum

209 951 331 1006 criticum
347 957 503 1022 apparatum
514 929 547 1004 in
562 950 634 1004 notis
650 949 806 1014 adstruere,
823 967 837 1004 a
852 949 965 1006 consilio
981 951 1067 1005 totius
1082 950 1173 1023 operis

208 1051 325 1106 alienum
340 1057 406 1105 erat.
441 1049 499 1104 Hoc
514 1055 618 1105 tantum
633 1047 780 1115 referebat,
802 1051 829 1106 iu
845 1051 945 1106 tradito
966 1057 1043 1107 textu
1062 1051 1085 1105 si
1107 1050 1173 1124 quid

209 1158 387 1214 mutaveram,
409 1151 442 1206 dc
457 1167 490 1206 co
506 1151 637 1207 lectorem
653 1150 794 1208 admoueri
812 1153 1025 1225 necessariisque
1046 1150 1173 1206 subsidiis

207 1253 320 1315 instrui,
342 1259 373 1307 ut
393 1253 451 1325 ipsc
469 1251 588 1308 iudicare
613 1259 716 1326 posset.
761 1253 854 1326 itaque
880 1251 1002 1327 singulas
1016 1259 1118 1326 ⁴partes
1140 1250 1173 1306 ad

97 1400 101 1408 .
209 1355 338 1428 optimam
352 1352 395 1408 vei
411 1353 621 1427 vulgatissimam
642 1355 773 1427 cuiusque
789 1371 842 1428 qua
856 1371 929 1412 nunc
944 1355 1059 1415 utimur,
1076 1352 1173 1408 editio·

208 1471 270 1510 nem
285 1457 313 1509 in
334 1453 500 1528 praefatione
519 1453 662 1511 indicatam
683 1455 892 1519 accommodavi,
913 1456 949 1510 ita
972 1462 1002 1510 ut
1023 1454 1055 1509 ah
1075 1454 1124 1509 hac
1144 1455 1174 1510 in

210 1572 264 1630 quc
279 1562 372 1610 nostra
387 1557 510 1612 recensio
527 1555 697 1619 deflecteret,
715 1555 894 1620 indicaretur,
911 1555 956 1612 uhi
977 1567 1045 1628 opus
1067 1553 1174 1610 videba-

210 1665 268 1720 tur,
291 1657 370 1712 atiam
390 1657 496 1712 ratione
515 1656 629 1713 reddita.
649 1687 687 1698 -
707 1657 960 1731 iuterpretationem
981 1657 1173 1713 commentario

208 1757 333 1813 adiuvare
348 1765 423 1813 extra
438 1753 616 1830 propositum
625 1766 692 1814 crat.
731 1755 809 1814 i‘ales
824 1759 896 1814 euim
910 1757 1036 1814 exhihere
1050 1756 1174 1813 ictorum

209 1857 292 1915 libros
309 1859 457 1921 voluimus,
480 1866 510 1913 ut
531 1860 577 1931 qui
597 1859 702 1915 modice
722 1859 933 1933 iurisprudentia
953 1857 1071 1916 imbutus
1092 1867 1173 1930 essct,

208 1977 257 2034 per
272 1961 461 2033 semetipsum
476 1959 638 2033 intellegere
653 1976 701 2016 eos
716 1968 825 2033 posset:
845 1962 873 2015 iu
889 1975 968 2034 quam
983 1977 1040 2016 rem
1055 1959 1173 2035 plorum·

209 2057 262 2134 quc
276 2058 428 2116 sufficiebat
449 2061 519 2116 vitiis
534 2067 667 2135 purgatos
686 2067 715 2118 et
730 2070 865 2135 quatenus
886 2060 944 2117 lieri
965 2069 1088 2136 poterat,
1104 2063 1174 2118 inte-

208 2178 273 2236 gros
289 2177 337 2218 eos
352 2169 498 2234 praestare.
523 2162 608 2218 'lanta
624 2163 695 2218 enim
711 2171 753 2220 ast
767 2162 890 2220 ictorum
905 2163 1036 2236 loquendi
1050 2164 1174 2236 proprie·

209 2272 259 2326 tas,
275 2270 307 2318 ut
321 2263 402 2318 modo
417 2264 539 2337 ipsorum
554 2263 691 2338 loquelam
704 2264 794 2320 audias
806 2281 857 2320 nec
870 2265 947 2320 rudis
962 2265 1000 2320 sis
1015 2266 1042 2320 in
1058 2281 1087 2319 re
1104 2279 1172 2337 quae

188 2371 352 2428 ¹tractatur,
374 2366 509 2420 intentum
531 2363 638 2438 quidem
659 2367 687 2421 in
708 2382 764 2420 ram
786 2367 902 2422 animum
924 2372 951 2421 ct
971 2365 1172 2421 meditationem

208 2472 335 2550 poscant,
358 2465 508 2539 interprete
532 2481 597 2522 varo
622 2467 783 2540 pierumque
804 2483 860 2523 non
880 2473 987 2541 egeant.
1031 2466 1124 2538 itaque
1144 2467 1173 2521 in

208 2580 312 2622 summa
327 2566 528 2622 meditationem
540 2575 645 2622 tanturn
657 2567 782 2624 adiuvare
796 2568 905 2641 placuit,
921 2569 949 2623 in
963 2568 996 2622 iis
1012 2568 1171 2640 praesertim

207 2665 297 2731 libris,
314 2668 386 2723 unde
400 2657 466 2724 iurIs
482 2668 566 2724 civilis
587 2669 747 2742 antiquioris
763 2670 885 2743 cognitio
906 2669 1018 2724 manime
1040 2669 1171 2732 hauritur,

208 2759 415 2825 locis'indicatis
436 2769 550 2825 aliorum
572 2778 824 2834 monumentorum,
846 2771 874 2826 in
896 2766 994 2842 quibus
1015 2770 1108 2826 eadem
1128 2785 1172 2826 res

207 2877 351 2926 tractaturi
367 2885 429 2926 raro
444 2872 524 2926 etiam
538 2871 647 2928 notulas
662 2865 870 2945 interspersi‘ad
886 2871 1173 2944 intellectusaiiquam

208 2967 394 3028 difficultatem
408 2954 586 3044 pertinentes.
624 2973 720 3029 Sedet
739 2973 767 3028 in
787 2972 855 3029 locis
875 2972 928 3029 iliis
950 2971 1083 3029 similibus
1103 2970 1173 3028 indi-

208 3071 299 3128 candis
315 3071 425 3128 modurn
440 3075 550 3137 servavi,
565 3089 616 3148 pro
632 3089 732 3148 genere
748 3073 855 3148 quidem
871 3075 1002 3148 cuiusque
1016 3073 1172 3146 scriptionis

207 3173 355 3236 diversum,
372 3175 482 3230 omuino
497 3161 562 3231 vero
582 3175 632 3231 hac
652 3191 745 3232 norma
761 3173 942 3239 aestimatum,
965 3182 995 3231 ut
1016 3190 1046 3229 ea
1068 3177 1173 3230 tantum

207 3273 404 3348 allegarentur,
429 3291 497 3348 quae
518 3275 551 3331 ad
571 3291 641 3342 rem,
663 3277 696 3332 de
719 3293 772 3350 qua
799 3285 939 3351 ageretur,
961 3275 1172 3350 intellegendam

172 3363 174 3367 ⁸
207 3375 341 3440 lacerent,
363 3391 418 3431 non
434 3378 527 3441 etiam,
551 3393 619 3450 quae
641 3380 700 3452 ipsa
720 3395 752 3435 cx
774 3395 806 3435 eo
829 3379 906 3442 loco,
927 3380 974 3452 qui
994 3377 1171 3435 illustrandus

207 3485 292 3541 esset,
309 3477 396 3534 lucem
413 3480 578 3551 acciperent:
600 3479 698 3565 quodsi
712 3473 758 3536 ill'a
773 3480 957 3553 compluscula
978 3489 1069 3544 crant,
1090 3481 1171 3536 etiarn

686 3571 691 3596 l
