2648 3974
420 889 603 954 neuton
633 889 873 955 parturum
959 874 964 881 “

238 1033 279 1070 nx
293 1031 355 1070 nus.
372 1031 392 1070 1.
409 1029 638 1073 uneronnonvu
654 1030 711 1073 svn
728 1031 842 1074 rmvno
858 1034 900 1073 mc
916 1012 1059 1076 rnor1s.¹

228 1184 301 1239 luter
328 1185 416 1240 uirum
432 1190 459 1238 et
476 1200 586 1239 uxorem
602 1194 678 1257 pecto
699 1201 754 1240 non
774 1185 863 1241 solum
885 1185 974 1244 uerbis
999 1187 1063 1242 'sed
1087 1181 1137 1242 et²

164 1268 307 1325 uoluntate
327 1268 543 1325 contrahentium
564 1262 804 1333 constituuntur‚³
826 1277 856 1325 ut
871 1278 968 1326 neuter
983 1272 1138 1345 coniugum·

80 1390 84 1396 -
165 1353 330 1426 locupletior
344 1351 398 1408 fiat.

236 1534 255 1597 ¹)
276 1536 336 1586 Hoc
360 1537 530 1599 fropmenlum
551 1552 586 1585 eu
607 1537 662 1598 lepe
679 1536 749 1587 Rern.
772 1535 973 1599 Visipotlrorum‚
995 1537 1042 1586 obi
1058 1539 1135 1600 finem

162 1604 232 1666 facit
243 1605 373 1654 novissime
386 1605 478 1652 editum
496 1609 534 1652 esl
551 1619 568 1652 o
580 1601 738 1666 Boeclcinpio
755 1605 782 1652 in
795 1605 855 1656 edit.
871 1603 929 1668 Utp.
947 1605 1042 1667 frapm.
1060 1605 1135 1669 Lips.

168 1679 227 1722 1855.
237 1687 267 1734 ·p.
282 1680 326 1722 175.
340 1679 365 1720 et
377 1672 408 1720 ol>
421 1671 548 1730 Hoenelio
561 1672 587 1720 in
599 1671 631 1718 L.
645 1671 717 1722 Rom.
735 1670 760 1718 V
760 1672 859 1735 isipotlz.
873 1689 899 1734 p.
914 1681 960 1722 452,
993 1673 1138 1736 Inscriptio

165 1754 218 1803 pro
239 1738 316 1787 lubitu
340 1739 503 1789 librariorum
524 1745 550 1787 et
571 1739 695 1787 editorum
718 1740 849 1788 admodum
871 1741 1003 1796 variatum
1026 1747 1137 1789 attamen

169 1821 255 1856 omnes
266 1806 314 1856 lac
331 1823 366 1856 eo
379 1807 518 1870 Papiniani
529 1806 571 1856 lib.
584 1805 610 1855 Ι.
623 1819 692 1869 resp.
711 1806 756 1855 sub
770 1807 841 1855 titulo
860 1809 903 1856 ‘de
919 1809 1003 1870 poetis
1018 1809 1087 1856 inter
1098 1810 1135 1856 ui-

166 1889 222 1923 rum
238 1881 264 1922 et
284 1878 406 1924 noorem'
424 1877 529 1936 petitum
545 1875 698 1937 sipnifioont.
728 1874 774 1922 En
792 1873 880 1938 qulbus
897 1875 981 1924 uerbis
999 1883 1138 1937 postrema,

167 1948 259 2005 aperte
273 1957 308 1990 eo
319 1943 391 1990 initio
404 1946 485 2004 ipsius
497 1943 617 2006 responsi
626 1957 764 2004 perperam
775 1943 903 2005 peninola
921 1943 1052 1994 omisimus.
1083 1943 1135 1992 Po·

165 2011 288 2074 pinianus
301 2011 365 2058 enim
381 2025 435 2058 eom
447 2025 573 2073 responsa
590 2025 636 2058 suo
648 2011 684 2058 od
696 2010 810 2059 ordinem
822 2010 900 2058 edicti
909 2012 1032 2072 perpetui
1047 2011 1139 2070 dispo·

167 2079 268 2133 suisset,
281 2075 368 2126 nator
381 2077 480 2140 quidem
492 2078 556 2125 libro
570 2076 594 2125 Ι.
608 2091 694 2126 eorum
707 2079 803 2125 titulum
815 2077 942 2138 depactis
955 2075 1001 2138 (ef.
1013 2077 1058 2125 Fr.
1076 2076 1102 2125 V
1101 2085 1136 2126 at.

133 2194 138 2200 ,
170 2143 237 2206 102),
256 2160 291 2194 esc
304 2160 353 2208 quo
366 2147 441 2192 etiam
453 2151 553 2208 sumpla
565 2151 604 2192 est
616 2145 649 2196 L.
662 2151 698 2192 lo.
714 2145 748 2193 D.
767 2145 799 2193 de
815 2145 900 2206 poetis
912 2143 948 2205 (2,
962 2143 1005 2205 14).
1041 2143 1151 2194 ΤὶῑτιῐιιτςΔ

170 2219 251 2262 autern
264 2214 296 2261 de
307 2213 393 2274 poetis
405 2213 473 2260 inter
483 2214 563 2261 ulrum
583 2217 727 2260 einnonem
743 2226 885 2276 quanquam
902 2218 1012 2260 aeterum
1030 2227 1082 2261 non
1099 2213 1137 2260 in-

169 2281 271 2329 auditus
284 2277 368 2342 (Paul.
378 2278 406 2329 S.
414 2279 444 2331 li.
457 2289 476 2336 2,
490 2277 525 2342 22)
537 2281 658 2342 adporto
670 2281 767 2328 dotatio
777 2281 909 2342 pertinuit,
920 2281 952 2328 de
963 2279 1140 2343 probosPopi·

169 2349 267 2404 nionus,
282 2353 391 2396 tentante
405 2346 436 2395 L.
443 2356 475 2396 26.
489 2348 522 2398 D.
537 2347 569 2396 de
580 2354 650 2409 pact.
664 2348 715 2396 dat.
732 2346 774 2408 (23,
787 2345 819 2408 t),
833 2345 873 2394 lib.
888 2354 981 2410 quarto
994 2361 1063 2411 resp⁴
1078 2350 1139 2412 epit.

171 2412 194 2478 Ξ)
207 2423 243 2464 set
255 2416 313 2465 edd.
332 2415 374 2464 sod
388 2430 414 2465 ex
426 2431 489 2464 unus
501 2414 548 2465 co.
600 2413 621 2477 ³)
635 2417 652 2464 i.
665 2430 687 2463 e.
701 2417 865 2478 stipulatione
883 2430 933 2465 non
945 2416 1140 2472 interveniente,

128 2499 130 2502 ·
171 2485 312 2541 intentent,
325 2489 415 2532 utnon
427 2484 500 2532 mado
513 2484 689 2545 conceptionem
699 2485 813 2545 pariant,
824 2483 954 2531 sedetiam
966 2489 1012 2531 out
1022 2486 1063 2532 rei
1073 2498 1137 2546 αωο-

171 2551 227 2597 riae
240 2552 335 2600 ostiani
345 2552 429 2600 inesse
441 2552 575 2600 uideantur
594 2558 639 2599 out
655 2554 722 2600 aetio
739 2553 765 2600 in
779 2551 876 2613 foetum
893 2552 953 2600 dori
964 2550 1064 2600 debeat.
1098 2551 1138 2612 Cf.

173 2615 272 2680 eae.'pr.
292 2617 324 2668 L.
338 2626 357 2665 o.
377 2619 409 2668 L.
424 2627 448 2666 m
459 2635 500 2682 pr.
522 2616 549 2680 S.
564 2627 583 2666 1.
606 2620 639 2667 L.
655 2626 757 2670 14-19.
775 2628 807 2666 n.
825 2627 858 2667 22.
882 2619 914 2667 L.
928 2626 960 2667 nc.
980 2617 1007 2682 3.
1022 2627 1042 2670 s.
1059 2619 1092 2670 D.
1107 2621 1142 2667 de

170 2691 242 2748 poet.
256 2686 307 2735 dot.
323 2682 367 2748 (23,
378 2685 411 2747 l).
441 2686 488 2736 Ex
499 2687 622 2748 stipulatu
634 2701 694 2736 cero
707 2688 775 2735 aetio
792 2701 839 2736 nee
850 2701 885 2736 erc
896 2687 1038 2736 huiusmodi
1051 2688 1140 2750 poetis

171 2751 332 2810 noscebatur,
345 2755 394 2803 nisi
405 2753 506 2804 subdita
518 2755 690 2817 stipulatione.
710 2755 784 2804 Paul.
798 2753 826 2802 S.
839 2755 869 2804 li.
883 2763 903 2811 2,
916 2763 948 2804 22.
963 2752 990 2816 S.
1004 2763 1023 2804 2.
