2634 3966
228 177 276 226 124
535 190 595 226 ean
617 189 718 224 meria.
738 177 756 224 i.
775 177 883 226 95-99,

227 339 306 384 natas
322 331 381 391 erit,
397 332 424 384 in
439 337 575 402 potestate
590 346 638 384 sua
655 328 757 383 habeat.
790 325 838 385 95.
863 330 919 384 Alia
935 347 1012 384 cansa
1028 338 1069 384 est
1085 346 1190 392 eornm,

227 414 273 487 qui
289 413 374 470 ’Latii
387 418 451 468 iure
462 406 496 444 ¹⁰¹
514 429 573 468 oum
590 411 681 466 liberis
697 414 752 467 suis
769 411 801 466 ad
818 414 954 470 ciuitatem
969 412 1111 468 Romanam
1127 430 1191 485 per-

227 499 351 559 ueniant;
367 513 427 552 nam
444 497 540 551 horum
555 497 584 552 ia
601 503 746 568 potestate
765 499 839 567 fiunt
853 496 939 552 liberi.
985 497 1057 570 qnod
1072 497 1113 550 ins
1130 497 1190 570 qni·

227 581 338 637 busdam
354 583 511 653 perepriuis
526 580 706 644 'ciuitatibus
722 585 868 650 competit,
886 584 1006 638 simodo
1021 585 1113 638 maists
1131 582 1189 636 La-

228 670 296 722 tium
316 666 431 720 habeut.
475 683 542 721 uam
563 671 615 720 aut
634 668 727 720 maius
746 665 859 720 Latium
879 668 985 721 dicitur
1012 673 1063 722 aut
1088 668 1190 720 minas.

227 754 319 806 maius
334 749 447 804 Latium
464 756 513 819 cst,
532 766 596 805 cam
611 753 808 820 atapistrotum
824 752 870 804 aet
883 750 1059 804 hortaremur
1072 753 1188 804 ciuitate

227 851 281 895 sua
292 835 418 906 pererrato
431 837 515 889 etiam
524 840 662 906 parentes
674 839 701 888 et
711 833 793 887 tiberi
806 839 834 887 et
849 849 926 888 naor
947 847 1010 888 eum
1031 835 1089 902 teis,
1113 823 1188 904 'put¹

176 912 235 993 46.)
251 918 440 990 magistratum
456 925 563 990 gerunt,
580 918 716 972 ciuitatem
731 915 876 970 Romanam
897 925 1117 988 consequuntnr;
1139 917 1190 970 mi-

227 1019 278 1056 nns
300 994 425 1056 Latinm³
452 1010 507 1065 est,
536 1018 597 1056 eum
617 1001 643 1056 hi
665 1009 781 1062 tantum,
805 1001 850 1073 qni
871 999 915 1054 uei
936 1001 1122 1072 magistratum
1144 999 1188 1052 nel

227 1087 359 1142 honorem
375 1093 482 1158 gerunt,
500 1086 532 1140 ad
544 1087 680 1140 ciuitatem
691 1084 834 1138 Romanam
846 1085 1016 1156 perueniant.
1030 1082 1110 1154 idque
1123 1099 1190 1137 eon-

227 1171 350 1243 piuribus
367 1169 489 1241 epistulis
505 1163 675 1242 principum¹
691 1166 867 1241 significatur.

293 1262 296 1315 Ι
512 1283 579 1290 ...,,
602 1284 661 1289 --
699 1246 780 1308 vussvss
812 1281 1090 1290 ,ψ-,μω-
1114 1259 1183 1309 μ..)

226 1336 272 1395 97.
298 1341 361 1396 Non
377 1343 467 1396 sotaau
483 1347 577 1393 tamea
592 1339 745 1392 naturales
758 1338 843 1392 tiberi
861 1331 1016 1390 secuudum
1037 1350 1086 1403 ca,
1110 1347 1189 1405 quae

226 1424 353 1484 diximus,
376 1426 403 1478 in
424 1429 560 1494 potestate
580 1430 673 1476 nostra
689 1428 766 1482 sunt,
788 1433 882 1474 aenam
898 1426 925 1474 et
941 1419 976 1480 hi,
993 1434 1062 1490 qnos
1077 1417 1189 1489 adopta-

226 1522 294 1560 mns
339 1501 389 1561 98.
412 1505 529 1576 Adoptio
545 1513 634 1558 antem
649 1503 754 1558 dnobus
770 1503 861 1574 modis¹
872 1502 911 1565 fit,
928 1511 973 1558 ant
987 1501 1081 1574 populi
1096 1509 1188 1556 aneto-

225 1589 319 1649 ritate‚
344 1596 390 1643 aut
404 1590 508 1660 inperio
524 1588 710 1658 magistratus,
733 1587 809 1641 neiat
830 1588 970 1659 praetoris.
1017 1581 1066 1642 99.
1090 1584 1186 1657 Populi

224 1714 426 1730 m

226 1781 270 1848 ¹⁰¹)
284 1785 360 1833 Latini
374 1791 427 1831 sunt
439 1789 465 1831 et
477 1785 535 1832 edd.
555 1782 595 1844 Os.
609 1784 640 1830 de
653 1783 700 1831 tioc
713 1784 782 1831 etde
795 1790 849 1830 tota
859 1799 888 1831 re
901 1791 961 1844 post
972 1783 1084 1846 Maduip.
1098 1798 1186 1846 opusc.

224 1868 250 1914 p.
264 1850 367 1899 matta
380 1857 493 1899 nostrum
505 1849 610 1899 ‘Gaius’
622 1866 649 1912 p.
665 1857 676 1896 3
688 1864 742 1913 seq.
777 1847 798 1911 ι)
814 1849 856 1897 lta
868 1865 940 1908 uuae,
950 1866 967 1898 a
976 1849 1097 1913 Rudorfio
1112 1848 1186 1914 (disp.

156 1956 159 1969 .
225 1923 283 1970 crit.
296 1920 327 1967 de
340 1919 435 1966 maiore
447 1933 478 1966 ac
490 1921 546 1966 ntia.
559 1917 646 1968 Latio.
659 1915 748 1968 Beroi.
757 1916 815 1977 4969)
830 1918 941 1974 edoctus,
955 1925 1049 1966 mutata
1061 1933 1100 1975 ca,
1115 1933 1187 1982 quam

225 1985 266 2038 aa.
282 1985 386 2035 ‘Gaius’
398 1993 465 2048 pit.
477 1999 675 2048 proposueram,
692 1985 830 2042 scatentia,
844 1985 879 2032 ad
893 1983 1018 2032 Momscui
1034 1992 1060 2034 et
1071 1985 1188 2046 fludorfii

224 2054 373 2102 seutentiam
388 2052 411 2104 t.
423 2053 439 2100 l.
452 2054 563 2110 restitui,
582 2053 704 2116 quaedam
721 2050 752 2098 ab
770 2051 802 2099 iis
819 2052 893 2099 ctiam
910 2053 936 2098 ia
953 2052 1034 2101 uerbis
1051 2060 1184 2102 matuatus.

226 2120 259 2170 Iu
274 2123 327 2182 fiae
343 2137 366 2172 a.
379 2128 413 2167 24.
432 2127 543 2169 notatum
558 2119 640 2180 fuisse
654 2125 717 2181 pato
735 2121 755 2166 θ’
769 2118 806 2166 his
823 2109 846 2182 ri.
867 2143 894 2152 ·-
914 2119 1000 2167 Maius
1020 2118 1121 2168 Latium
1137 2121 1190 2168 dici

225 2189 310 2250 coepit
321 2189 360 2237 ius
373 2188 445 2236 Latii
455 2189 514 2236 inde
528 2203 544 2235 a
560 2186 733 2249 Vespasiano,
744 2187 851 2248 primurn
863 2186 1020 2248 Hispaniae,
1038 2187 1075 2234 ita
1093 2189 1185 2241 dutum,

225 2254 311 2302 atltae
324 2256 439 2304 ciuitates
452 2255 530 2318 mapis
546 2254 636 2318 popuii
651 2253 721 2302 Rom.
738 2254 885 2314 municipia,
904 2255 963 2302 licet
979 2255 1065 2302 ciuium
1077 2253 1184 2302 Latino·

224 2337 288 2376 rum,
309 2338 381 2384 paam
398 2329 424 2369 ut
441 2323 579 2385 antiquitus
595 2321 643 2370 doc
659 2323 713 2368 iure
726 2321 787 2369 dato
800 2321 877 2380 (Ptin.
892 2320 923 2371 N.
938 2320 973 2368 H.
987 2328 1006 2376 3,
1018 2329 1037 2370 4.
1051 2317 1077 2381 3.
1090 2328 1110 2368 3.
1130 2327 1149 2377 3,
1164 2328 1185 2370 3.

225 2385 285 2500 {a
310 2398 329 2443 3,
343 2397 362 2435 t.
377 2385 403 2448 S.
416 2396 436 2434 4.
462 2398 481 2448 4,
495 2398 530 2436 49.
548 2386 573 2450 3.
586 2386 631 2448 35.)
650 2388 765 2437 coloniae
781 2387 892 2436 Latinae
910 2385 1000 2448 (supra
1017 2384 1044 2448 S.
1057 2395 1089 2431 tt.
1113 2384 1183 2434 Suet.

246 2468 300 2501 aes.
313 2463 333 2500 9.
359 2456 455 2502 Ascua.
469 2457 494 2502 ia
508 2454 559 2502 Cic.
573 2455 662 2503 Pison.
679 2455 734 2502 init.
753 2454 802 2502 Dio
820 2461 858 2508 43,
875 2454 910 2513 39)
928 2467 996 2508 csse,
1014 2454 1120 2515 ideoque
1139 2449 1184 2514 (cs.

226 2519 331 2569 ‘Gaius’
343 2536 371 2582 p.
379 2517 459 2582 t—to)
473 2522 517 2585 qui
527 2523 699 2584 mapistratum
710 2521 746 2569 ibi
754 2527 881 2584 perorent,
894 2521 927 2568 de
938 2521 994 2581 ipso
1004 2522 1101 2581 populo
1113 2519 1183 2568 Rom.

225 2587 287 2636 heae
299 2601 396 2636 merere
407 2589 565 2643 uiderentur,
578 2590 665 2636 utiam
682 2591 756 2652 quasi
766 2588 892 2636 radicitus
908 2593 933 2635 et
944 2593 1067 2650 tauquam
1084 2585 1143 2634 iusti
1159 2593 1184 2634 ct

225 2655 328 2716 tepitimi
336 2656 409 2716 ‚ciues
425 2654 494 2702 Rota.
514 2654 588 2717 (Lep.
602 2655 669 2704 Acii.
682 2662 762 2717 repet.
776 2669 797 2702 c.
810 2656 848 2703 dc
860 2655 975 2702 ceivitatc
988 2654 1088 2707 danda·
1106 2653 1138 2700 L.
1151 2661 1183 2701 34.

224 2723 257 2769 D.
271 2722 302 2770 de
315 2722 369 2769 iure
379 2722 437 2782 fisci
448 2729 480 2779 49,
496 2717 539 2784 44),
553 2723 597 2785 qui
606 2721 688 2770 tribus
700 2727 725 2770 et
736 2723 799 2771 iuris
810 2721 928 2771 donorum
939 2720 1032 2770 Romae
1041 2721 1185 2783 participes

221 2791 322 2851 fierent,
336 2790 410 2837 etiam
423 2804 476 2836 cum
489 2788 640 2851 pareatibus
658 2796 684 2837 et
700 2789 787 2837 tiberis
799 2796 824 2837 et
836 2803 918 2837 auore
934 2789 959 2836 in
975 2789 1100 2837 ciuitatem
1117 2789 1183 2838 oeni-

224 2861 290 2904 rent.
323 2856 362 2918 Os.
376 2857 450 2903 etiarn
465 2855 526 2906 Geli.
542 2865 573 2914 49,
587 2864 621 2906 49.
670 2855 690 2920 ³)
708 2858 790 2905 latiam
809 2854 900 2904 Sclaed.
921 2857 991 2905 latum
1009 2857 1068 2906 edd.
1115 2853 1137 2917 ⁴)
1150 2856 1187 2904 ad

222 2924 358 2986 praesides
367 2931 431 2986 puta
444 2924 519 2974 datis.
549 2921 570 2986 ⁵)
588 2922 692 2971 Tantam
704 2923 823 2971 rubricae
834 2924 932 2972 uidetur
944 2924 1085 2972 destinatus
1093 2923 1185 2983 fuisse.

223 3104 249 3173 ξ.
263 3108 303 3158 95.
316 3105 378 3170 quod
391 3109 437 3166 ias]
446 3107 492 3169 Cf.
507 3111 602 3158 Ascon.
616 3111 642 3156 in
656 3107 707 3158 Cic.
720 3107 808 3155 Pisoa.
820 3122 847 3169 p.
863 3116 883 3155 3.
906 3107 978 3156 Bait.
992 3107 1043 3156 Cic.
1057 3109 1093 3156 ad
1104 3107 1183 3157 Attio.

222 3185 242 3232 s,
257 3183 289 3223 n.
304 3172 330 3236 3.
343 3184 363 3222 4.
386 3175 456 3226 Suet.
470 3175 536 3238 Aup.
550 3183 584 3223 44.
607 3174 702 3223 Strato
714 3183 734 3231 4,
751 3184 768 3226 4,
787 3172 812 3236 3.
828 3183 859 3222 ts.
870 3190 899 3236 p.
915 3182 959 3224 rsa.
982 3175 1048 3222 Ptin.
1067 3173 1100 3222 N.
1113 3173 1148 3223 H.
1163 3183 1185 3234 a,

222 3239 291 3305 stt).
306 3240 352 3305 ss.
366 3250 399 3291 ia.
413 3251 445 3291 4ο.
460 3251 492 3290 aa.
506 3251 539 3291 44.
552 3251 586 3296 ao.
611 3258 633 3290 a.
647 3253 672 3291 20
686 3239 741 3304 (44).
755 3239 782 3303 g.
795 3250 840 3293 nas,
869 3241 949 3290 Tacit.
964 3240 998 3292 A.
1012 3251 1043 3299 15,
1056 3250 1090 3294 aa.
1114 3240 1150 3288 H.
1164 3249 1184 3299 a,

223 3321 255 3362 55.
275 3311 342 3360 Ptin.
354 3325 446 3373 panep.
461 3319 494 3359 at.
507 3319 540 3360 39.
559 3308 692 3373 Spartica.
705 3309 791 3357 Hadr.
805 3317 837 3359 49.
858 3308 933 3360 Oreit.
946 3317 1004 3356 4949.
1057 3304 1083 3373 §.
1096 3309 1138 3357 et.
1150 3325 1185 3351 =

221 3394 263 3440 pr.
277 3379 302 3430 I.
317 3379 348 3426 dc
366 3378 454 3440 adopt.
469 3378 498 3439 (4,
514 3377 556 3442 44).
581 3379 628 3441 Cs-
644 3377 736 3439 laps,
751 3385 771 3424 1.
852 3371 895 3441 ἐξ.
909 3375 951 3428 98.
963 3375 1005 3425 99.
1021 3394 1056 3418 =
1071 3376 1105 3427 L.
1119 3385 1130 3424 t
1141 3391 1184 3437 pr.

222 3446 255 3494 D.
271 3447 302 3495 de
315 3447 403 3508 adopt.
419 3445 448 3506 (t,
462 3445 493 3508 7).
507 3444 532 3508 3.
548 3456 567 3494 4.
587 3445 612 3498 I.
627 3446 682 3494 eod.
697 3442 727 3502 (4,
743 3440 785 3506 44).
808 3443 845 3505 Cf.
862 3442 919 3506 iltp.
934 3450 953 3500 s,
966 3452 986 3490 9.
999 3452 1019 3492 9.
1041 3443 1101 3492 Geli.
1116 3452 1137 3504 5,
1152 3450 1184 3490 49.
