2588 3954
247 182 270 217 P.
289 181 412 219 Annnuvs
430 181 519 218 VARVS
538 193 572 205 ···
589 183 613 220 Ρ.
633 181 767 218 aruimus
786 180 905 217 NAMVSA.
1021 170 1054 218 33

71 333 75 340 ’
114 341 157 397 qno
170 331 285 379 mortuus
300 323 425 397 sepultus
440 331 495 383 est,
519 324 593 396 quod
609 325 717 395 antiqui
731 324 842 378 bustum
864 322 1052 394 appellabant.

113 410 173 480 isque
186 410 265 481 cippis
282 415 326 464 aut
347 409 440 481 aliqua
462 411 522 463 alia
545 423 578 462 ra
598 408 702 463 mortui
723 424 803 462 causa
823 407 981 480 designatus
1004 415 1054 469 est.

112 495 168 547 intra
185 509 251 566 quas
264 496 338 565 fiues
358 492 499 566 sepultura
519 500 562 547 est
583 492 677 548 iacta'.
698 522 734 531 —
756 490 828 547 Fest.
846 509 871 547 v.
894 491 1054 566 Sepulcrum

112 593 125 649 p
160 655 199 718 21.
222 657 367 717 ‘Sobriuus
384 661 451 723 est',
474 668 505 715 ut
520 662 556 715 ait
572 659 662 715 Gallus
678 661 784 722 Aelius,
806 657 905 733 ‘patris
922 647 975 716 mei
990 678 1054 716 con·

64 744 71 767 ¹
111 743 193 799 sobrini
207 745 284 807 filius,
301 752 329 801 el
344 747 436 800 matris
452 761 527 800 meae
542 743 727 821 consobrinae
737 743 817 800 lilius.
845 745 944 800 lemina
959 744 1054 802 iisdem

110 828 135 882 de
147 832 222 884 causis
238 829 355 904 appellat
369 830 480 902 tratrem
497 836 523 883 et
538 830 650 885 iratrem
662 830 811 902 patruelem
824 837 851 884 et
861 829 1053 885 consobrinum

48 945 52 953 ν
109 922 130 968 el
146 917 246 987 propius
269 913 396 970 ’sobrino
419 922 446 968 et
466 913 615 969 sobrinum.
628 907 652 946 ¹⁵
677 914 757 969 iidem
779 914 879 987 gradus
901 916 929 970 in
945 913 1053 969 sobrina

46 1043 50 1055 .
80 991 84 1000 '
109 1014 199 1071 quoque
212 997 303 1054 sunt'.
323 1029 359 1039 —
376 997 448 1054 rest.
464 1016 488 1052 v.
510 997 639 1054 Sobrinus
655 1016 681 1072 p.
700 998 771 1055 297.

156 1079 200 1140 22.
224 1125 246 1138 ..
261 1100 341 1157 quam
354 1081 403 1155 (sc.
416 1081 539 1155 stirpem)
553 1083 647 1139 Gallus
659 1085 758 1138 Aelius
770 1087 813 1139 sic
825 1081 934 1139 delirat:
948 1083 1053 1156 ‘Stirps

108 1175 139 1220 cst
156 1173 241 1240 gentis
254 1173 447 1240 propapau'o,
477 1175 506 1222 ut
531 1169 577 1241 qui
598 1182 738 1241 equoque
754 1175 796 1222 est
810 1169 995 1242 propuulus'.
1016 1199 1052 1208 ·-

108 1247 165 1306 lest.
181 1269 204 1306 r.
221 1252 311 1326 Stirps
327 1270 354 1326 p.
372 1251 443 1309 313.

154 1331 196 1392 2³.
219 1337 312 1393 Aelius
334 1336 424 1391 Gallus
454 1336 487 1390 dc
508 1335 598 1391 uerbis
619 1336 651 1390 ad
676 1337 719 1392 ius
745 1336 825 1390 ciuile
851 1335 1052 1412 pertinentibus

107 1419 174 1476 callos
188 1421 295 1496 tegulas
310 1420 441 1494 grandes,
468 1437 536 1493 quae
551 1436 632 1493 snpra
647 1420 763 1476 collicias
779 1419 885 1476 intimae
901 1428 1051 1494 ponuntur,

107 1505 210 1576 appellat.
230 1537 266 1547 —
287 1505 362 1561 Serv.
380 1505 412 1560 ad
428 1505 522 1578 Virgil.
541 1505 640 1579 Gearg.
661 1505 687 1566 1,
704 1504 773 1560 264.
785 1497 811 1537 ¹⁶

356 1689 393 1748 P.
415 1687 613 1746 ALFENVS
636 1687 777 1748 VARVS
808 1709 810 1712 ·

455 1785 573 1850 (ciusdem
585 1786 688 1849 aetatis).

433 1892 708 1966 Digestorum.

154 2009 175 2066 l.
197 2012 311 2068 Alienus
327 2011 538 2072 iureconsultus,
555 2012 641 2067 Seruii
657 2010 766 2084 Sulpicii
782 2011 930 2084 discipulus
947 2028 1054 2066 rerum·

105 2110 146 2164 quc
158 2098 323 2170 antiquarum
339 2111 394 2150 non
409 2097 576 2158 incuriosus,
599 2098 626 2150 in
641 2095 711 2151 libro
728 2095 898 2170 digestorum
914 2097 1051 2150 tricesimo

105 2185 125 2230 et
137 2189 231 2250 quarto,
247 2181 484 2240 coniectaneorum
499 2187 589 2235 autem
604 2181 723 2236 secundo
740 2177 787 2235 ‘ln
800 2179 910 2234 loedere
920 2177 938 2240 ⁹,
956 2181 1052 2252 inquit,

105 2261 268 2334 ‘quainter
292 2265 424 2341 populum
439 2264 587 2320 Romanum
609 2273 635 2320 et
657 2263 891 2338 Carthaginienses
915 2264 1051 2327 factumst,

105 2349 213 2420 scriptum
233 2350 387 2410 inuenitur,
410 2357 441 2404 ut
456 2349 691 2424 Carthaginienses
713 2349 856 2422 quotannis
875 2349 978 2422 populo
1001 2348 1052 2404 Ro-

104 2445 165 2487 mauo
179 2434 275 2491 darent
291 2442 396 2490 certum
411 2433 517 2507 pondus
540 2437 647 2509 argenti
667 2435 728 2507 puri
749 2436 820 2507 pati,
845 2436 1052 2508 quaesitumque

103 2523 142 2576 est,
157 2519 215 2590 quid
231 2527 305 2574 esset
320 2534 419 2591 purum
434 2520 548 2591 putum?
563 2518 701 2592 Respondi
710 2519 727 2578 '‚
745 2520 841 2592 inquit,
860 2519 938 2593 ‘ego
955 2528 1053 2591 putum
1099 2551 1103 2561 «

103 2613 150 2654 esse
164 2603 237 2659 ualde
252 2621 361 2678 purum,
378 2604 448 2670 sicut
463 2620 564 2658 nouum
581 2605 717 2660 nouicium
734 2602 846 2658 dicimus
863 2611 890 2658 et
912 2605 1052 2676 proprium

103 2687 248 2756 propicium,
277 2704 378 2761 augere
404 2695 486 2761 atque
506 2689 648 2744 intendere
670 2687 793 2743 uolentes
814 2689 878 2742 noui
899 2695 926 2742 et
946 2689 1053 2765 proprii

103 2767 337 2840 significationem'.
357 2803 393 2812 —
411 2772 479 2829 Geli.
498 2773 515 2829 7
532 2771 581 2846 (6),
599 2775 627 2830 5·
646 2773 663 2844 S
682 2773 708 2828 Ῑ·

336 2956 373 3016 Ρ.
395 2957 602 3016 Avrrnirs
624 2912 801 3016 uuorvsu

455 3056 570 3119 (eiusdem
583 3055 687 3132 aetatis).
741 3118 742 3121 Ἴ

175 3201 181 3213 .
203 3161 232 3216 P.
248 3160 384 3217 Aufidius:
408 3161 454 3217 ‘Si
470 3163 529 3233 quis
545 3162 596 3217 alio
613 3162 749 3216 uocitatur
763 3162 871 3216 nomine
893 3169 965 3222 tum,
991 3178 1050 3216 cum

162 3275 289 3284 ᾖ*

153 3327 275 3376 onsobrino
292 3335 315 3377 et
326 3328 421 3376 sobrina
436 3327 482 3376 (ld.
496 3328 555 3380 edd.
575 3327 719 3376 consobrino
736 3331 784 3374 iam
802 3328 918 3376 correxit
931 3326 1051 3389 Aupustl-

186 3390 215 3453 ¹⁶)
234 3394 301 3454 Quae
313 3401 453 3458 praeterea
470 3394 500 3442 ab
514 3396 625 3458 antiquis
636 3394 806 3457 scriptoribus
818 3395 968 3456 referuntur
981 3394 1053 3441 Aelii

165 3462 235 3518 ullae,
247 3471 289 3512 aul
301 3470 372 3514 cerlo
379 3463 485 3512 Stilonis
497 3464 654 3525 quammultae?
664 3469 730 3520 suut,
744 3469 788 3510 aut
798 3464 920 3510 incertum
933 3476 966 3510 aa
974 3460 1048 3512 Galli.

177 3575 242 3612 [sris.
254 3577 349 3618 Auser.
363 3579 425 3614 REI«.
447 3579 493 3614 ΕΙ).
507 3579 539 3612 11.
830 3549 847 3604 3
