2648 3974
334 217 463 252 centron
483 201 686 270 1111111110)
706 219 750 254 aa.
770 219 882 254 nosrrn.
904 207 927 256 1.
1064 207 1115 256 343

139 357 244 422 quibus
263 357 342 406 nobis
355 360 481 405 servatus
496 359 545 415 est,
565 356 730 406 Vossianum
743 355 908 406 Leidensem
922 355 977 418 (V.)
996 361 1024 406 et
1037 355 1113 418 (inde

141 423 209 488 13.
230 427 255 474 2.
281 424 316 472 ad
340 423 366 487 S.
386 425 410 474 8.
428 421 498 473 med.
522 429 550 473 et
571 429 634 487 post
657 423 786 492 lacunam
811 439 827 474 a
851 422 877 488 3.
899 428 938 476 ll.
962 423 997 474 ad
1020 424 1113 485 finem)

141 491 355 556 Scaligeranum
374 488 424 555 (S.)
449 491 704 543 transscriberetur.
740 493 836 556 Neque
862 493 934 542 enim
951 491 1113 558 vulgaribus

138 564 250 608 tantum
268 559 441 608 librariorum
464 557 569 608 mendis
588 557 732 609 admodum
756 559 933 624 deturpatus,
954 560 1003 609 sed
1029 561 1113 610 etiam

144 628 179 678 ab
199 626 472 692 inscitisdiscipulis
485 626 530 676 vel
543 627 693 691 magistris,
714 628 760 692 qui
778 627 849 679 libro
868 631 1020 686 uterentur,
1039 633 1113 678 uter-

139 703 197 758 que
222 710 310 745 sermo
334 711 368 744 ex
391 699 506 758 utroque
531 695 611 744 novis
638 696 899 759 interpretationum
923 696 1114 746 conaminibus

146 765 292 828 corruptus
312 766 362 812 est.
400 759 476 822 Quae
495 765 587 812 textus
611 761 737 811 condicio
761 778 778 812 a
797 763 974 812 Lachmanno
998 765 1114 827 primum

139 832 258 894 egregie
284 831 474 880 demonstrata
498 845 559 878 cum
582 844 695 894 sperare
714 831 760 880 vix
782 831 888 895 patitur
907 831 980 892 fore,
1005 835 1035 880 ut
1053 829 1114 880 ICti

58 955 61 957 ,
144 913 243 946 manus
261 898 377 962 ubique,
398 898 514 946 maxime
533 898 563 945 in
583 897 898 962 corruptissima-priore
918 902 1011 962 parte,
1031 897 1114 964 plane

144 966 319 1027 restituatur,
339 969 395 1012 tum
414 965 492 1014 viam
512 965 699 1014 serationem
713 966 843 1030 ostendit,
863 981 916 1029 qna
936 966 1115 1030 aliquatenus

140 1038 240 1082 tamen
261 1032 288 1081 id
307 1033 419 1095 assequi
438 1031 533 1081 liceat.
569 1032 710 1086 Audacter
729 1033 855 1097 equidem
880 1033 952 1082 hanc
976 1035 1049 1084 viam
1073 1035 1114 1082 in·

140 1115 258 1165 gressus
278 1105 306 1150 et
324 1099 440 1150 ulterius
459 1115 542 1166 quam
555 1100 751 1150 Lachmannus
773 1105 934 1165 prosecutus
953 1116 1025 1163 sum3
1046 1101 1116 1164 quid

145 1183 211 1218 vero
230 1167 272 1216 ita
290 1167 468 1231 profecerim,
489 1167 539 1216 alii
558 1169 710 1230 iudicante.

214 1234 359 1299 Superest,
383 1239 414 1284 ut
437 1237 555 1296 tirones,
583 1237 629 1300 qui
651 1235 776 1285 criticum
806 1239 969 1300 apparatum
999 1251 1114 1285 noscere

140 1303 244 1364 veiint,
262 1303 297 1352 ad
316 1303 554 1352 accuratissimam
572 1302 739 1368 Boeckingii
758 1303 906 1352 editionem
925 1303 1010 1352 totius
1036 1303 1116 1352 tertii

141 1371 211 1421 tibri
229 1370 397 1425 Dositheani
419 1371 605 1432 remittamus,
631 1381 700 1434 quae
724 1371 776 1419 hoc
800 1371 851 1420 sub
875 1369 973 1420 tituto:
997 1371 1117 1420 Dositter’

141 1438 268 1502 Mapr'stri
295 1439 577 1502 interpretamentorum
611 1437 676 1488 liber
707 1441 796 1491 tertius
828 1438 925 1488 Graece
956 1445 981 1487 11
1011 1435 1114 1492 Latiae.

143 1506 229 1558 Bona.
249 1509 323 1558 1832.
342 1506 457 1570 prodiit,
476 1511 504 1555 et
521 1505 634 1567 deinde,
660 1521 731 1570 quae
758 1505 793 1555 ad
817 1506 860 1556 ius
886 1520 939 1555 non
963 1504 1115 1570 pertinent,

139 1575 252 1622 omissis
270 1574 422 1638 paucisque
442 1573 564 1635 mutatis,
584 1575 689 1622 inserta
709 1578 751 1622 est
770 1575 879 1638 corpori
891 1573 961 1624 iuris
980 1574 1113 1624 anteiust.

144 1642 285 1691 Bonnensi
311 1641 374 1690 inde
403 1656 419 1689 a
443 1657 468 1705 p.
488 1643 546 1690 193.
587 1642 656 1690 Post
683 1641 885 1706 Boeckingium
917 1641 1116 1690 Lachmannus

139 1709 279 1770 (Versuch
302 1709 371 1758 iiber
393 1708 542 1760 Dositheus
563 1709 654 1760 Berol.
681 1707 767 1771 1837.)
793 1709 826 1758 de
857 1709 1027 1758 emendando
1052 1709 1114 1770 hoc,

141 1777 217 1842 quod
237 1777 355 1838 edimus,
375 1777 520 1840 opusculo,
539 1781 570 1826 ut
593 1777 648 1825 iam
670 1776 843 1840 significavi,
868 1777 972 1840 optime
996 1779 1113 1826 meritus

141 1849 196 1898 est,
233 1843 350 1894 Textum
368 1845 407 1898 ab,
423 1859 454 1893 eo
470 1845 650 1894 constitutum
663 1844 862 1908 Boeckingiua
878 1845 957 1892 novis
972 1845 1045 1892 notis
1066 1844 1115 1892 ad-

140 1912 220 1974 ditis,
241 1911 360 1960 subiecit
373 1911 488 1960 editioni
502 1927 567 1962 suae
581 1911 696 1976 Ulpiani
710 1911 808 1976 fragm.
827 1911 904 1975 Lips.
920 1911 993 1960 1855.
1013 1927 1040 1974 p.
1056 1913 1115 1960 159.

143 1979 271 2043 Denique
290 1979 438 2028 Mauritius
451 1981 581 2044 Voigtius
600 1981 628 2028 in
640 1979 718 2028 ‘libro
738 1979 793 2028 ‘die
812 1978 903 2028 Lehre
922 1993 985 2027 vom
1004 1979 1046 2027 ius
1065 1993 1116 2026 na·
1195 1982 1197 1986 '

140 2047 253 2096 turale’
273 2047 350 2110 Lips.
371 2049 445 2098 1856.
465 2063 490 2111 p.
510 2049 663 2096 tlt-630.
683 2045 716 2094 de
740 2046 793 2096 hoc
816 2046 972 2109 fragmento
996 2060 1051 2094 non
1073 2047 1116 2094 in-

95 2133 98 2140 ’
143 2115 217 2164 scite
237 2115 295 2178 egit
313 2129 466 2178 novamque
491 2116 551 2166 eius
574 2117 679 2178 primae
703 2112 734 2176 §i
751 2114 957 2174 recensionem,
982 2112 1032 2161 sed
1054 2129 1120 2162 eam,

146 2197 261 2246 parum,
280 2196 341 2231 meo
360 2182 477 2240 iudicio,
496 2183 670 2247 probabilem
689 2181 843 2231 adornavit.

531 2351 734 2360 ...Μ

210 2503 236 2560 1.
260 2488 429 2562 0111111111]
445 2507 500 2568 ius,
518 2505 587 2580 'quo
604 2499 726 2570 utimur,¹
744 2512 789 2560 aut
805 2503 887 2559 ciuile
903 2503 1054 2578 appellatur
1070 2511 1117 2558 aut

144 2589 267 2654 naturale
288 2589 345 2646 ’uei
367 2593 499 2665 gentium.
550 2590 676 2646 Naturale
697 2591 809 2651 dicitur,
833 2587 1050 2661 (quadratura
1074 2595 1116 2644 est
1207 2655 1217 2669 ·

142 2669 473 2748 111111111111)»11111111112
499 2674 530 2730 ab
552 2693 584 2731 ec
607 2676 677 2731 enim
700 2675 882 2729 ’nominatum
898 2665 958 2728 est³
978 2681 1005 2728 11
1021 2689 1117 2728 omnes

142 2761 270 2815 nationes
297 2759 421 2814 similiter
446 2777 478 2816 eo
505 2753 669 2815 ’utuntur:⁴
696 2757 769 2832 quod
796 2759 866 2812 euim
887 2757 988 2812 honum
1009 2765 1037 2812 et
1059 2758 1118 2811 'ac-
1177 2755 1182 2760 '

215 2957 234 3022 1)
248 2961 365 3022 Scripta
383 2973 436 3007 cum
449 2961 500 3008 inre
517 2959 548 3008 V.
563 2959 672 3021 (factum
688 2973 725 3007 11.
745 2974 781 3006 ece
792 2929 902 3022 duamur.
922 2955 964 3017 Cf.
981 2955 1035 3005 Gai.
1052 2963 1070 3014 t,
1084 2952 1117 3020 8).

142 3026 265 3078 Ominum
277 3029 337 3077 edd¹
385 3025 405 3089 ἵ)
421 3027 564 3092 irrorare]
580 3027 700 3076 εθνικον
715 3023 831 3076 deseror
842 3043 877 3066 =
889 3025 976 3072 dicitur
989 3024 1025 3072 uct
1039 3024 1117 3072 natio-

145 3097 183 3144 nis
196 3103 236 3144 1111
247 3097 334 3155 gentile
346 3096 433 3144 iustum
450 3095 482 3146 V.
516 3094 609 3151 Vides,
624 3109 701 3158 qnae,
715 3095 783 3158 qued
794 3095 819 3142 in
828 3095 880 3154 fiae
893 3093 958 3141 idem
969 3098 1119 3140 recurreret

141 3162 258 3218 certam,
272 3164 376 3220 omissa,
390 3178 455 3228 quae
469 3165 578 3212 traiecta
590 3163 649 3212 aiat.
670 3162 866 3219 Animadverte,
881 3159 1027 3208 Dositteem
1039 3165 1066 3206 ut
1078 3173 1118 3206 ce-

142 3236 219 3278 reres
238 3229 350 3279 Graecos
369 3229 444 3292 (vetut
465 3229 575 3293 Tlreoplr.
589 3239 613 3291 3,
633 3239 653 3278 1.
673 3227 701 3292 8.
719 3237 738 3278 t.
763 3230 801 3280 111.
819 3237 852 3276 11.
871 3225 898 3289 8.
916 3226 948 3288 3.)
966 3227 1118 3274 Latinorum

146 3299 274 3362 ‘aequam’
287 3312 387 3360 semper
399 3299 506 3348 vertisse
520 3295 644 3347 director.
665 3294 691 3358 S.
705 3305 725 3346 2.
739 3297 777 3346 lus
790 3297 897 3345 naturate
910 3295 997 3343 dicitnr
1009 3294 1046 3341 uel
1060 3307 1117 3352 gen·

95 3387 96 3394 1
121 3375 126 3379 ·
146 3366 205 3412 tium
223 3399 311 3418 .....
329 3367 417 3414 iustum
435 3367 476 3416 ed.
494 3366 599 3416 Lucam.
657 3361 678 3426 Β)
703 3364 861 3428 ωνομασθη
878 3379 912 3404 =
929 3361 1063 3408 nominatur
1085 3359 1117 3409 V.

139 3429 426 3498 ’4)1ισινκεχρ1μενα
442 3450 476 3476 =
493 3444 547 3482 sunt
564 3447 619 3481 usae
642 3432 673 3481 V.
687 3433 744 3481 edd.
769 3431 823 3480 Sed
838 3429 960 3492 inferiori
974 3427 1119 3476 Graecitari

139 3493 302 3566 κέχρηνται
315 3503 391 3550 etiam
404 3507 442 3551 est
455 3505 602 3551 ‘stererat
628 3501 673 3548 Ad
683 3515 736 3549 rem
749 3499 784 3560 ef.
798 3499 894 3548 Isidor.
908 3506 933 3553 5,
946 3503 966 3546 1.
980 3491 1008 3557 3.
1024 3502 1042 3546 1.
