2588 3954
545 149 715 186 renuntiato.

49 347 55 356 ‚
147 310 190 354 eo.
207 265 254 348 ubl
271 293 356 348 moicr
371 289 501 364 quaedam
517 290 619 348 utilitas
635 287 821 352 idsuadebat,
834 289 908 346 velut
922 290 950 346 in
966 289 1022 348 Gaii
1038 289 1117 346 lusti·

146 391 311 452 tutionibus.
355 391 430 448 Intra
453 407 501 447 eos
527 400 632 454 autem,
656 406 726 465 quos
746 389 815 454 diri.
837 389 906 448 lines
927 393 1006 448 ctiam
1028 393 1117 448 omnia

146 495 249 550 veteris
281 490 508 568 iurisprudentiac
538 500 727 556 monumenta,
753 507 822 566 quae
844 501 957 550 aetatem
984 492 1119 576 tulerunt,

147 596 260 668 corpori
275 603 371 652 nostro
388 592 547 650 vindicanda
567 594 669 668 putavi.
704 593 798 667 Neque
819 595 918 668 igitur,
941 601 971 650 ut
991 601 1069 652 autea
1084 591 1116 650 ab

147 695 276 753 omnibus
291 693 425 752 eiusmodi
440 695 631 770 collectionum
647 693 876 769 compositoribus
897 693 945 752 scd
966 696 1025 752 sine
1046 695 1118 751 iusta

147 814 238 860 causa,
254 799 278 854 si
294 795 359 871 quid
378 789 466 860 virleu,
483 797 638 852 lectitatum
649 804 699 858 est,
715 795 748 852 ad
763 813 810 854 ecs
826 803 931 854 tantum
951 794 1042 858 thos.
1071 796 1117 870 qui

147 908 214 972 post
229 897 394 954 Hadrianum
409 899 545 960 vixerunt,
560 898 677 955 animum
693 897 812 961 adverti,
831 897 974 971 sedetiam
994 914 1029 953 en
1049 897 1118 954 anti·

148 1000 246 1072 quioro
271 997 484 1072 iurisprudcntia
505 999 529 1055 si
550 998 616 1073 quid
636 999 665 1055 in
691 999 749 1056 aliis
771 997 950 1072 scriptoribus
976 1006 1117 1072 superstes

147 1109 207 1164 est,
235 1098 310 1174 quod
335 1100 466 1156 hactenus
491 1107 597 1156 tautum
624 1117 638 1154 a
666 1099 797 1156 btrtseuc
821 1101 931 1174 propria
956 1099 1118 1158 collectione

147 1218 234 1258 unum
249 1200 302 1258 sub
317 1209 495 1275 conspectum
509 1200 650 1257 redactum
665 1197 756 1267 erat*
770 1200 802 1257 acl
814 1217 871 1256 rem
883 1216 969 1258 meam
980 1202 1118 1274 pertinere

123 1293 127 1298 ’
147 1311 315 1360 natussum.
346 1301 409 1358 Scio
425 1301 549 1376 quidem,
566 1303 638 1359 inter
657 1310 804 1376 utrumque
828 1318 915 1376 genus
942 1301 1118 1375 reliquiarum

148 1403 252 1478 aliquid
267 1389 410 1460 interesse.
441 1401 515 1470 Quae
530 1403 601 1460 enirn
617 1419 649 1458 cn
664 1404 818 1477 posteriore
833 1419 899 1460 aevu
910 1403 1117 1478 restantplera·

151 1520 207 1579 que
232 1513 264 1560 ut
290 1505 400 1578 propria
420 1505 521 1578 scripta
542 1513 571 1560 et
591 1522 642 1560 sno
663 1504 740 1578 quasi
765 1505 876 1562 nomine
904 1512 1009 1562 servata
1038 1512 1116 1571 sunt:

151 1605 308 1680 antiquiora
325 1612 429 1662 tantum
446 1604 478 1660 ab
500 1605 557 1662 aliis
579 1605 756 1679 scriptoribus
777 1605 943 1664 referuntur.
991 1604 1043 1661 Sed
1065 1605 1118 1664 boc

150 1705 299 1765 discrimen
326 1722 376 1764 nec
400 1687 453 1779 per
475 1708 564 1764 omnia
585 1703 679 1764 verum
700 1715 742 1767 est
772 1706 845 1779 (nam
859 1724 901 1766 ex.
918 1724 961 1781 gr.
984 1708 1117 1763 etiamen

149 1806 349 1880 posterioribus
366 1807 549 1881 [augmentum
563 1808 638 1871 iuris,
655 1807 730 1881 quod
750 1817 863 1866 vocatur
882 1807 1075 1866 llositlreanum
1089 1816 1118 1864 et

149 1910 225 1982 ipsae
240 1907 327 1966 Paulli
341 1907 497 1966 Sententiae
512 1907 571 1964 aliis
588 1907 715 1983 operibus
730 1911 847 1966 insertae
868 1907 900 1966 acl
921 1926 972 1966 nos
987 1924 1117 1984 pervene-

149 2007 227 2082 runt)
253 2025 304 2065 nec
326 2010 438 2066 omnino
459 2009 570 2067 adrem
590 2011 724 2084 pertinet.
746 2027 806 2068 cum
821 2027 877 2068 nou
898 2012 986 2068 minus
1016 2009 1116 2068 idcirco

150 2112 261 2168 intersit
290 2110 332 2166 vel
358 2109 461 2174 deceat,
482 2118 601 2185 utroque
622 2110 703 2168 modo
730 2118 812 2168 etex
833 2119 950 2184 uucque
968 2127 1034 2168 aevo
1049 2127 1118 2185 quac

149 2209 228 2266 nobis
250 2211 351 2267 tradita
370 2219 449 2274 sunt,
471 2228 526 2282 unc
548 2228 631 2287 opere
651 2211 765 2270 collecta
790 2211 898 2268 babere.
943 2211 999 2269 lmc
1020 2213 1119 2286 imper·

150 2311 253 2368 sectum
279 2313 346 2369 iuris
376 2312 460 2368 civilis
482 2313 683 2370 anteiustiniani
708 2321 851 2388 syntagma
870 2312 954 2370 videri
975 2312 1071 2377 debet,
1089 2314 1117 2373 iu

150 2429 207 2488 quo
221 2429 278 2470 non
294 2414 373 2468 eoam
389 2415 524 2472 anteriora
539 2413 584 2470 illa
598 2413 688 2470 locum
700 2430 778 2470 suum
795 2413 972 2472 obtinuerint.
1007 2413 1040 2470 Et
1055 2431 1118 2470 cum

149 2515 178 2570 in
199 2515 259 2568 iure
279 2515 365 2588 magis
386 2531 431 2573 res
452 2531 532 2588 quam
555 2514 633 2571 verba
653 2523 825 2590 spectentur,
855 2532 890 2572 ue
915 2515 983 2572 lllud
1008 2515 1118 2590 quidem

149 2613 255 2670 rcicrre
284 2615 445 2679 existimavi.
473 2623 567 2674 utrum
593 2617 727 2674 sententia
755 2625 859 2697 tantum
880 2633 914 2676 au
934 2617 1014 2674 ctiam
1035 2615 1117 2674 verba

150 2713 264 2771 abcuius
290 2716 479 2773 iurisconsulti
500 2715 579 2774 uobis
608 2717 791 2780 referrentur,
817 2725 845 2772 et
866 2724 957 2774 utrum
974 2717 1116 2777 iudicando

150 2815 194 2871 rel
223 2831 271 2872 oro
298 2817 491 2890 respondendo
522 2833 579 2874 eam
609 2819 771 2876 seutentiam
802 2818 963 2892 protulerit,
981 2835 1014 2874 an
1035 2821 1117 2878 etiam

148 2917 277 2990 scriptam
291 2919 352 2991 ipsc
367 2917 520 2992 reliquerit.

215 3016 269 3074 Sed
284 3018 335 3075 alia
350 3022 473 3093 quaestio
489 3019 536 3076 diu
550 3021 722 3096 multumque
742 3037 786 3076 me
802 3022 897 3084 torsit,
919 3037 988 3095 quae
1004 3023 1117 3080 maximo

149 3117 379 3194 adamiquiorum
400 3121 550 3186 litterarum
572 3131 746 3182 monumenta
765 3119 929 3196 pertinebat.
951 3123 1024 3180 illam
1045 3123 1117 3185 dico,

218 3297 247 3365 *)
267 3303 447 3352 ‘Brucbstirclre
470 3319 512 3352 aus
531 3300 584 3354 den
603 3305 722 3355 Sebrilten
752 3305 793 3352 cler
825 3305 970 3353 Rbmiscben
1004 3305 1115 3362 luristem

133 3370 290 3430 'gesammelt
307 3385 353 3420 ron
372 3369 401 3420 ll.
421 3369 449 3419 ll.
468 3371 580 3421 birisen.
600 3372 715 3432 llcnigsb.
727 3379 785 3421 tait.
801 3375 834 3425 83
853 3371 926 3422 Liber
935 3385 996 3420 nunc
1015 3369 1111 3434 quidem

149 3452 198 3486 non
217 3438 467 3496 subticuissemus
486 3447 562 3489 aetate
581 3441 644 3489 omni
663 3439 731 3490 leuce
751 3439 844 3500 dignus.
