2634 3960
288 155 292 163 ι
325 195 441 231 nomm
459 196 575 232 varum
596 195 700 232 ratos.
720 185 797 233 XXlV.
816 185 860 238 26.
879 187 920 236 27.
1052 184 1099 234 511

139 354 248 412 quoque
269 354 385 400 summa,
413 337 453 392 'id
475 331 866 412 est‘pars3911egaripotest,
894 341 976 412 ’quae
997 343 1101 414 species

138 423 248 495 partitio
264 415 467 493 appellatur:²
494 430 524 477 ut
538 432 603 495 puta
619 420 694 493 (boc)
710 423 803 480 modo:
825 439 927 480 nauus
942 439 1024 481 Muvs
1041 441 1102 481 cvm

137 521 225 563 r1r10
245 521 472 562 unaunararuu
491 521 580 562 seusu
598 523 750 569 Passrxro,
777 524 936 569 nmmum:
964 525 1018 581 quo
1039 525 1102 577 casu

138 590 246 645 dimidiu
261 607 322 663 pars
337 589 472 646 honorum
489 583 589 648 'Titi03
610 592 700 664 legata
714 591 836 648 uidetur:
863 599 1058 665 potestantem
1075 600 1102 647 et

139 675 190 729 alia
204 691 279 746 pars,
296 673 373 728 uolut
389 676 468 730 tertia
483 674 528 730 uel
543 682 652 748 quarta,
668 676 762 749 legari.

202 755 252 815 26.
281 751 472 814 ⁴Ususlructus
493 759 579 832 legari
600 768 693 833 potest
710 761 770 815 iure
795 761 868 816 ciuili
889 777 980 816 earum
1001 778 1102 821 rerum,

139 835 285 914 {quarum5
301 843 375 898 salua
390 842 539 898 substantia
554 844 756 900 utendiirucntli
771 845 778 864 '
785 853 906 917 potestas
923 853 965 900 est
981 845 1102 900 1111331-

141 917 215 988 113;6
237 933 264 980 et
281 933 333 980 tam
351 928 518 1000 singularum
535 945 640 990 rerum,
657 945 736 1000 quam
752 923 895 1001 plurium.⁷
938 926 984 986 27.
1002 922 1103 984 883113·-

138 1109 172 1158 J..
191 1117 236 1157 111.
255 1107 284 1170 3.
304 1117 322 1156 1.
343 1109 375 1156 D.
394 1109 426 1156 ‹te
444 1108 512 1159 verb.
531 1110 595 1174 sipn.
615 1105 658 1171 (so,
674 1107 716 1174 ts).
737 1107 990 1172 31333311.
1009 1109 1101 1158 3111.

139 1173 348 1240 3131113139.
364 1183 381 1223 1.
400 1176 514 1237 L.8fin.
533 1176 599 1227 ,3.1,
618 1176 650 1224 L.
665 1185 697 1226 rs.
712 1174 739 1238 3.
755 1177 820 1224 11).
835 1177 961 1237 aeteae.
985 1175 1038 1226 Cic.
1050 1192 1101 1238 pro

140 1245 214 1292 Caec.
228 1252 250 1294 4.
263 1253 282 1292 5.
302 1245 333 1292 de
346 1242 418 1304 lepib.
432 1251 452 1304 2,
466 1251 499 1293 20.
512 1251 544 1290 21.
564 1243 636 1305 infra
648 1252 686 1304 25,
701 1253 732 1291 15.
804 1241 847 1306 391)
871 1243 957 1291 Verba
968 1243 1003 1292 td.
1015 1247 1029 1291 e
1041 1244 1102 1305 pat1s

139 1311 210 1372 infra
233 1311 327 1360 decimo
351 1310 440 1358 ababuc
463 1325 536 1358 uersu
559 1313 584 1358 in
611 1311 670 1364 Vat.
695 1312 823 1372 lepantur,
850 1316 878 1358 at
902 1310 977 1371 finem
1001 1310 1103 1372 saciant

7 1387 9 1428 2
75 1407 76 1410 =
142 1377 172 1441 31
188 1387 229 1434 33,
248 1377 292 1426 ubi
307 1379 365 1426 edd.
385 1383 557 1426 correxerunt
573 1379 630 1426 item
648 1379 730 1440 partis.
767 1377 821 1426 Sed
834 1379 921 1440 portis
940 1377 1103 1440 (sinpularum

138 1461 235 1503 rerum,
252 1447 374 1508 plurium,
395 1443 574 1508 hereditatis?)
592 1445 771 1508 usumfructum
788 1447 872 1509 tepori
890 1459 980 1508 posse,
1004 1453 1037 1493 et·
1051 1450 1103 1492 tam

139 1515 234 1572 infinite
252 1515 350 1562 dixisse
371 1511 512 1574 Ulpianum,
532 1516 575 1576 qest
591 1528 637 1561 nec
654 1514 695 1561 rei
710 1513 790 1576 ipsius
807 1519 906 1576 portem
924 1513 1008 1575 tepori
1022 1526 1101 1575 posse

142 1587 218 1628 antea
236 1582 354 1636 dixerat,
373 1596 423 1628 nou
442 1589 480 1628 est
497 1580 626 1629 credibile.
664 1579 759 1630 Contra
776 1580 823 1630 boc
841 1583 895 1630 loeo
913 1595 1018 1636 summa,
1038 1594 1102 1644 quae

141 1654 180 1696 est
198 1663 310 1712 quaeque
329 1647 531 1708 comprehensio,
551 1649 612 1712 quid
627 1649 735 1710 proprie
751 1648 919 1712 sipnificaret‚
938 1650 982 1696 uix
998 1653 1102 1710 poterat

141 1717 190 1762 non
209 1716 302 1772 dicere,
321 1717 428 1763 monime
447 1715 489 1778 qui
503 1717 654 1778 partitionis
671 1717 867 1778 appellationem
885 1721 942 1762 erat
960 1718 1102 1778 emplieotu·

139 1797 191 1831 rus.
228 1783 322 1846 Itaque
339 1799 355 1830 a
372 1783 458 1830 sciolis
475 1782 597 1839 librariis,
616 1782 704 1846 quibus
720 1798 837 1830 sumntum
855 1797 910 1830 esse
926 1789 1039 1844 partem,
1058 1781 1102 1828 ab·

139 1866 225 1900 sonum
249 1850 316 1910 (nam
335 1856 428 1912 partes
451 1851 576 1898 ducuntur
597 1850 623 1896 in
647 1865 763 1898 summam
785 1856 888 1898 auctore
912 1848 1017 1896 Isidoro
1035 1857 1061 1907 3,
1081 1857 1101 1892 5.

111 1921 124 1933 ”
141 1913 228 1980 3.11),
247 1919 358 1980 singulas
376 1932 435 1966 uero
453 1919 493 1964 uei
505 1919 596 1980 piures
612 1931 655 1964 res
674 1918 749 1965 totius
765 1923 871 1979 partem,
890 1917 954 1962 satis
970 1913 1103 1976 probabile

7 1961 8 1970 ἵ
58 1983 65 1996 ’
139 1983 285 2041 uidebatur,
309 1985 414 2044 primum
436 1983 483 2030 boe
506 1986 560 2032 loeo
587 1985 678 2032 omissa
704 1989 729 2031 et
756 1985 792 2031 ad
814 1983 951 2044 marpinem
976 1981 1102 2043 ablepota,

136 2056 230 2112 postea
247 2051 273 2096 in
288 2052 339 2105 fine
356 2047 381 2110 3.
395 2058 428 2096 26.
446 2049 510 2098 baec
525 2050 602 2098 uerba
618 2053 718 2098 intrusa
736 2065 799 2106 esse,
816 2049 875 2096 mibi
888 2063 1038 2110 persuasum
1056 2055 1102 2095 est.

141 2115 161 2178 ²)
180 2117 256 2164 Haeo
275 2131 371 2179 quoque
389 2115 466 2163 uerba
483 2117 547 2164 idem
566 2111 685 2164 librarius
704 2117 727 2163 b.
748 2119 779 2178 t,
803 2116 843 2162 cui
865 2117 937 2163 unice
955 2116 1104 2164 conueniunt

143 2184 188 2246 (es.
204 2183 259 2232 Gai.
272 2191 291 2238 2,
305 2179 352 2243 331)
372 2183 472 2244 expulit
490 2190 514 2230 et
532 2184 558 2229 in
571 2184 624 2242 fine
642 2180 679 2243 31,
697 2182 740 2230 ubi
756 2183 813 2230 edd.
833 2184 999 2237 retinuerunt,
1017 2183 1103 2244 inepte

141 2253 246 2305 locauit:
264 2251 395 2312 expellere
414 2257 496 2296 autem
513 2265 575 2297 sune
594 2249 710 2309 debebat,
731 2251 755 2296 si
771 2249 821 2296 sibi
831 2249 965 2297 constabat
978 2249 1037 2309 (uid.
1051 2254 1103 2298 not.

141 2318 286 2377 anteced.)‚·
304 2318 406 2380 eiusque
424 2318 583 2364 constantiae
602 2322 770 2378 arpumentum
789 2323 836 2376 est,
856 2317 1014 2379 quodetiam
1033 2315 1103 2363 ‘boe'

140 2392 231 2449 postea
251 2386 345 2441 omisit,
365 2383 505 2432 arbitratus
522 2385 630 2442 scilieet,
650 2383 690 2432 lac
708 2386 847 2446 euernplum
865 2388 986 2432 ‘summae
1004 2385 1103 2432 uniuer-

140 2468 226 2501 sorum
243 2469 328 2502 rerum
345 2455 456 2514 tepatae'
475 2453 618 2506 eccidisse,
635 2457 661 2498 et
679 2453 773 2500 ‘modo'
792 2466 879 2500 nouam
896 2453 1005 2513 speeiem
1027 2451 1106 2512 lopati

142 2521 264 2582 insipere,
284 2535 349 2584 quae
368 2525 437 2566 esset
443 2519 561 2581 partitio,
590 2519 623 2566 In
635 2535 656 2570 v.
672 2521 842 2582 ‘appellatur'
856 2534 915 2568 uero
928 2517 1021 2584 infelix
1032 2518 1102 2568 bomo

140 2586 222 2634 baesit
239 2589 478 2650 ideoqaelaeuuam
500 2587 603 2651 reliquit
626 2581 662 2647 (in
686 2602 736 2649 qua
758 2587 887 2635 recentior
908 2602 995 2634 manus
1018 2587 1047 2634 id
1068 2601 1104 2634 ea:

140 2655 240 2716 inperio
258 2652 403 2716 suppleuit),
424 2656 482 2717 quia
500 2669 530 2703 eo
548 2657 611 2708 ioco,
625 2669 695 2718 quem
707 2655 756 2704 iam
768 2654 807 2702 bis
818 2654 901 2702 uerbis
919 2655 1102 2717 assignaverat,

141 2721 206 2770 banc
224 2723 448 2770 constructionem:
466 2735 525 2784 quse
543 2723 635 2785 species
653 2736 696 2784 par
713 2722 776 2770 'lilio
791 2723 820 2770 'in
838 2724 943 2770 animum
960 2720 1010 2770 sibi
1026 2721 1104 2767 ineui-

7 2779 9 2822 )
89 2790 214 2840 .eauit.
295 2787 317 2850 3)
338 2787 494 2838 Esc'Scbutt.
515 2790 549 2852 ο).
568 2790 669 2845 addidi,
694 2805 747 2838 eum
763 2790 790 2836 iu
812 2790 871 2840 Vct.
890 2789 914 2838 b.
934 2791 950 2836 l.
969 2789 1104 2849 spatiolum

141 2855 200 2918 (non
218 2857 345 2912 intellecto
362 2871 398 2904 sc.
419 2858 450 2906 tio
467 2875 501 2898 =
518 2857 591 2912 Titi0;
611 2857 632 2906 ei
650 2853 700 2920 Bp.
719 2855 768 2918 cj.)
787 2857 901 2904 relictum
918 2855 960 2903 sit.
1020 2850 1041 2915 ⁴)
1064 2853 1102 2914 Cf.

138 2941 180 2988 pr.
200 2921 225 2986 3.
247 2933 265 2973 1.
285 2923 310 2972 Ι.
329 2925 361 2972 de
378 2923 459 2986 usufr.
480 2921 512 2988 (2,
531 2923 564 2986 1).
592 2923 624 2988 L.¹
637 2931 662 2971 43
676 2925 721 2982 sin.
741 2924 775 2971 Ι).
795 2925 826 2971 de
844 2921 925 2983 ususr.
945 2923 993 2984 lep.
1013 2919 1057 2980 (33,
1070 2919 1103 2982 3).

142 2991 192 3043 Cic.
215 2991 277 3054 Tap.
298 3000 319 3040 3.
338 2989 385 3054 33,
406 3001 437 3038 15.
457 3001 490 3042 11.
593 2987 614 3052 5)
637 2990 774 3040 Videamus
793 3005 824 3038 ne
842 2990 890 3039 boc
905 2989 1001 3050 factum
1018 2989 1052 3036 sit
1069 3003 1105 3036 eso

141 3074 171 3121 qu
189 3057 250 3121 (pro
267 3052 299 3122 qb
318 3077 353 3102 =
371 3057 466 3122 quibas)
486 3073 573 3108 earum.
637 3056 658 3120 6)
678 3067 755 3121 potest
772 3060 810 3106 sb.
831 3058 929 3105 incultas
945 3056 1005 3104 Vol.
1028 3061 1105 3118 potest

142 3140 194 3174 esse
211 3127 311 3176 facultas
329 3129 404 3179 edd:
423 3128 491 3191 qaod
508 3127 619 3190 quamuis
636 3129 762 3174 retoiestam
780 3125 896 3180 tulissem,
916 3124 965 3172 nisi
983 3125 1041 3172 illae
1060 3138 1104 3170 ua-

142 3199 183 3242 toe
201 3207 280 3257 oeque
297 3196 375 3256 focile
393 3194 430 3243 ito
448 3201 476 3241 ut
492 3209 539 3258 epo
554 3194 616 3256 feei,
635 3194 831 3256 eoepliearentur
849 3198 873 3243 et
888 3191 1011 3253 Ulpianus
1023 3190 1055 3237 L.
1070 3198 1102 3238 31.

141 3259 169 3323 3.
188 3269 207 3309 3.
227 3261 261 3308 Ι).
281 3263 417 3311 denarrat.
438 3268 487 3309 oet.
508 3261 542 3322 (9,
560 3260 589 3324 1).
603 3261 704 3322 pariter
723 3262 880 3323 ‘facultatem
898 3265 924 3306 et
938 3259 1103 3319 potestatem’

141 3329 328 3381 coniunxisset:
346 3329 380 3389 ef.
400 3329 475 3376 etiam
491 3343 572 3391 supra
590 3337 626 3385 31,
646 3337 678 3376 15,
782 3325 805 3387 7)
824 3327 883 3374 Hoc
901 3325 1013 3376 addidit,
1038 3323 1107 3385 quod

141 3396 215 3441 ettam
241 3395 414 3443 uniuersorum
439 3411 523 3444 rerum
548 3411 664 3444 summam
687 3396 770 3458 lepori
791 3408 867 3456 posse
890 3397 966 3439 antea
990 3390 1104 3438 dixerat.

141 3459 258 3510 Ceterum
276 3462 309 3523 ef.
327 3469 379 3514 not.
398 3470 444 3511 331.
501 3461 521 3526 ⁸)
541 3462 581 3524 Cf.
595 3461 623 3525 3.
635 3471 655 3510 2.
675 3461 700 3512 I.
720 3455 751 3510 de
770 3459 850 3523 ususr.
868 3458 951 3522 ibique
964 3455 1105 3505 Sebrader.
