2634 3974
383 215 387 226 =
427 211 502 246 rvurr
521 211 626 248 ravum
646 213 726 249 saur.
744 201 773 250 ll.
795 201 834 250 18.
1065 203 1113 254 383

141 361 203 408 tum
218 353 334 425 pretium
351 349 460 424 (serui),
477 353 525 408 sed
541 361 568 410 et
583 348 730 418 'eorum¹6
746 371 814 428 quae
825 373 874 429 per
886 356 977 430 lugam
993 357 1111 422 abstulit,

142 436 260 494 reddere
275 428 422 510 cogetur.⁷

210 519 246 582 lu
266 515 333 594 (13).
368 513 455 576 8Cum
481 521 604 594 probatio
631 524 730 596 prioris
756 523 842 598 -iugae
867 523 1010 588 deiecerit,
1038 531 1112 583 serui

141 599 319 678 responsioni
335 604 498 661 eredendum
511 614 569 662 est:
585 608 612 663 in
628 623 658 664 se
670 609 739 663 enim
752 609 925 682 interrogari,
936 626 991 665 nou
1001 628 1051 683 pro
1064 611 1111 666 do·

142 691 217 745 mino
230 697 275 745 aut
286 691 314 745 in
325 687 474 760 domiuum„
485 690 602 746 uidetur.
630 688 666 749 13
677 689 744 764 (14).
759 687 807 748 ⁹111
819 709 852 748 eo
863 701 1013 756 contractu,
1021 697 1067 768 qui
1079 711 1111 751 ex

141 774 216 830 hona
228 772 281 830 fide
294 773 440 838 deseendit,
451 775 693 832 instrumentorum
706 774 845 850 ’obligatio
853 771 879 810 ²⁰
890 779 949 834 siue
961 795 1040 836 eausa
1056 779 1111 835 'de-

141 851 301 922 sinemuri.
312 858 335 913 si
346 853 658 936 quomodo'ueritas2de
671 859 885 917 fideoontruetus
893 864 980 936 possit
992 865 1108 920 ostendi.

136 955 137 958 ’
342 936 388 1018 [t.
406 944 434 998 1.
457 943 494 998 I).
511 947 546 999 de
560 947 617 1016 fide
632 949 762 1002 instrum.
780 945 841 1018 (22,
857 941 914 1022 4).]

187 1024 225 1084 14
239 1023 305 1098 (15).
337 1019 465 1082 ³Fundus
491 1029 548 1083 eius
572 1045 632 1084 esse
658 1030 780 1094 uidetur,
807 1031 883 1087 ouius
904 1033 1021 1088 nomine
1037 1049 1110 1088 oom-

140 1120 252 1186 paralus
269 1117 324 1174 est,
341 1127 397 1167 non
412 1127 426 1166 a
441 1127 496 1185 quo
512 1115 625 1186 pecunia
641 1122 779 1171 numerata
794 1122 850 1170 est:
865 1117 888 1170 si
904 1123 993 1172 tamen
1008 1116 1109 1173 fundus
1131 1172 1136 1182 ,

141 1197 323 1270 comparaturi
338 1197 373 1250 sit
388 1194 513 1252 traditus.

459 1274 517 1357 [15.
542 1281 667 1340 oomni.
685 1273 795 1358 6,8.]4
875 1241 878 1246 ’
949 1235 951 1240 ’

208 1361 242 1422 15
258 1359 324 1436 (16).
355 1357 465 1420 ⁵Eleeto
487 1382 535 1421 reo
556 1366 696 1440 principali
718 1365 863 1422 fideiussor
883 1367 927 1423 uel
948 1369 1027 1424 heres
1050 1370 1106 1425 eius

140 1447 280 1505 liberatur.
318 1464 374 1504 nou
388 1448 460 1506 idem
476 1452 503 1505 iu
519 1449 720 1506 mandatoribus
736 1443 928 1506 obseruator.6

309 1601 371 1642 rur.
387 1600 477 1642 xvnr.
507 1601 549 1642 nn
565 1599 688 1642 nocero
704 1603 745 1642 ur
760 1600 937 1650 eouuvoro.
1059 1656 1061 1662 q

209 1683 233 1742 1.
259 1677 365 1744 ¹Homo
386 1685 468 1749 liber,
496 1688 543 1759 qui
557 1694 657 1742 statum
673 1703 752 1742 suum
767 1688 793 1742 in
809 1694 944 1760 potestate
959 1687 1053 1752 habet,
1081 1697 1108 1745 et

141 1795 345 1809 *ka-—

65 1873 67 1877 '
141 1867 176 1932 16)
197 1884 224 1918 ea
242 1867 307 1934 (pro
319 1866 380 1931 eor.)
399 1867 463 1917 Cdd.
483 1869 541 1918 edd.
594 1865 615 1931 7)
633 1867 673 1916 oe
691 1865 717 1930 3.
732 1877 764 1916 12.
783 1870 918 1918 editionum
935 1870 986 1920 uid.
1004 1875 1056 1920 not.
1073 1879 1106 1921 ut.

141 1933 163 2000 ⁸)
177 1935 290 1986 Paullum
302 1942 397 1986 mertula
409 1942 484 1985 eulel
495 1937 522 1994 in
534 1935 567 1986 L.
581 1944 601 1984 7.
615 1935 648 1982 D.
662 1936 693 1984 de
704 1934 780 1998 prob.
794 1936 836 1998 (22,
849 1934 882 1998 3).
904 1935 946 1997 Of.
959 1937 991 1986 L.
1005 1945 1036 1988 58.
1051 1933 1077 1999 S.
1086 1947 1105 1986 2.

140 2005 175 2054 D.
190 2005 222 2054 de
235 2005 311 2054 aedil.
325 2005 364 2053 ed.
379 1998 421 2067 (ar,
437 2003 468 2064 t).
493 2003 524 2051 L.
540 2012 602 2066 rpr.
622 2001 655 2052 L.
669 2011 703 2050 uo.
716 2001 750 2054 D.
764 2004 795 2052 de
808 2008 905 2067 quaest.
920 2001 962 2064 (te,
977 2003 1020 2064 re),
1033 2005 1107 2064 infru

141 2081 161 2130 5,
177 2079 208 2124 to.
223 2070 249 2136 3.
265 2081 286 2122 5.
338 2069 359 2132 ⁹)
374 2070 413 2133 Of.
427 2071 458 2119 L.
475 2079 505 2119 ro.
525 2069 553 2121 0.
572 2071 604 2118 cle
618 2071 671 2131 fide
689 2073 762 2119 lustr.
777 2070 811 2132 (a,
826 2067 870 2132 n).
923 2067 954 2132 20)
974 2068 1066 2133 Optimi
1082 2079 1107 2120 et

137 2141 256 2207 plerique
268 2137 333 2190 Ouid.
354 2138 442 2188 oblatio
455 2139 508 2196 alii,
521 2139 560 2186 ed.
574 2136 609 2186 A.
634 2137 674 2199 Of.
690 2137 746 2186 nat.
760 2146 784 2195 3,
798 2146 844 2187 131.
900 2135 918 2198 ¹)
934 2140 1106 2187 demonstratur

140 2209 211 2258 multi
222 2213 247 2256 el
259 2207 347 2270 optimi
358 2205 422 2255 Gdd.
435 2212 461 2254 et
472 2206 558 2254 Haen.
595 2203 616 2268 ²)
631 2205 737 2254 uoluntas
750 2220 786 2254 ete
797 2205 879 2253 mullis
893 2204 956 2254 Udd.
970 2207 1010 2256 ed.
1018 2203 1104 2254 Huen.

139 2273 162 2337 ³)
176 2273 216 2338 Of.
231 2274 262 2323 L.
278 2283 295 2322 t.
316 2273 341 2326 0.
354 2274 379 2322 si
394 2275 449 2338 quis
466 2275 545 2322 alteri
558 2268 592 2334 (4,
606 2269 652 2336 50).
706 2269 728 2336 ⁴)
746 2273 891 2336 Pleraeque
908 2273 1034 2322 edunt.
1045 2280 1106 2337 post

143 2341 171 2406 8.
185 2351 216 2390 tt.
228 2348 338 2406 ponunt,
352 2349 380 2390 ul
391 2342 426 2389 sit
438 2337 464 2402 3.
478 2349 510 2390 12.
534 2341 574 2388 De
587 2354 616 2388 re
629 2339 662 2403 ef.
676 2339 710 2388 L.
722 2347 742 2390 2.
761 2339 790 2392 Ο.
802 2341 826 2389 si
836 2340 909 2390 uend.
922 2341 994 2404 piqn.
1009 2338 1044 2402 (8,
1058 2337 1103 2404 3ο),

144 2411 287 2460 Creditoris
299 2409 454 2464 venditione,
463 2423 533 2472 -quue
545 2407 704 2472 euseqmndi
714 2409 830 2470 piqnore's
847 2422 925 2457 curten
942 2423 977 2458 ear
986 2415 1065 2470 poeto
1074 2409 1105 2470 fil

140 2479 180 2528 uel
187 2478 248 2538 fieri
259 2477 372 2538 uidetur,
390 2477 507 2540 piqnorie
523 2489 602 2524 causa
615 2476 706 2537 finitur
718 2473 752 2536 (2,
767 2483 800 2524 13.
813 2471 841 2538 S.
855 2473 878 2539 a)
897 2481 922 2524 et
937 2477 993 2525 sola
1010 2477 1036 2524 in
1052 2492 1105 2526 rem

141 2547 218 2601 actio,
231 2545 255 2591 ei
267 2558 315 2593 non
327 2548 382 2592 iure
394 2543 518 2593 uenditum
529 2543 570 2600 rit,
582 2543 691 2592 debitori
702 2544 786 2592 eiusne
799 2542 932 2592 heredibus
941 2543 1105 2608 relinquitur:

141 2617 221 2661 entra
234 2625 307 2674 quum
323 2611 447 2661 uieonlra
464 2611 540 2671 fidem
555 2611 627 2673 poeti
642 2610 758 2660 ereditur
776 2611 857 2674 eqisoe
875 2618 999 2674 arquulur
1015 2610 1046 2668 ub
1064 2627 1103 2672 eo,

141 2681 186 2744 qui
203 2678 303 2742 pepiqil
319 2679 358 2728 uel
370 2680 501 2743 pepiqlsue
519 2678 681 2742 inlelliqu'lur:
703 2679 772 2742 quod
788 2692 897 2742 linquere
915 2680 993 2728 licere
1009 2695 1062 2728 eum
1079 2680 1105 2728 in

140 2751 275 2796 conlruelu
288 2746 405 2810 piqnorio
418 2747 474 2795 duti
489 2747 572 2795 inesse
589 2747 717 2801 uideatur,
735 2752 760 2794 et
777 2745 877 2795 debilor
893 2745 940 2796 doe
950 2761 1018 2795 ‘euru
1034 2753 1104 2795 recle

137 2815 308 2932 {iiiiii
316 2808 780 2930 lttttlllttlltltttulit
789 2811 969 2930 ttltllttlt
981 2814 1104 2929 adlit

140 2949 285 3002 Srltult.ad
295 2949 319 2997 it.
334 2951 350 2996 l.
404 2945 481 3010 ⁵)0f.
496 2948 547 3000 llio.
567 2950 602 2998 ad
613 2949 668 3002 All.
683 2897 718 3005 lli,
734 2957 764 2996 15.
789 2948 822 2996 L.
836 2957 869 2996 45.
889 2945 950 3010 §.m
969 2947 1002 2999 D.
1020 2949 1102 2997 mund.

141 3013 184 3078 (n,
199 3015 230 3080 a).
251 3014 284 3065 L.
297 3018 342 3064 ult.
356 3015 385 3064 θ.
399 3016 431 3065 de
439 3016 553 3078 fidolum.
569 3011 600 3078 (o,
613 3013 659 3079 n).
673 3041 703 3050 -
721 3015 790 3074 1,.(3.
803 3014 837 3066 D.
850 3015 1006 3076 defidelusr.
1021 3013 1063 3076 (to,
1073 3014 1102 3082 ι).

1 3097 2 3104 ’
75 3103 79 3114 ’
142 3083 211 3134 Ma.
222 3082 249 3131 G.
261 3085 336 3133 eod:
362 3081 384 3144 6)
398 3083 444 3132 Ad
453 3083 477 3132 Ιι.
489 3083 526 3132 tit.
537 3090 656 3147 spectare
666 3084 740 3132 etium
752 3083 852 3132 uidetur
862 3082 893 3131 L.
902 3081 1059 3147 BomBurq.
1069 3093 1102 3150 oa,

80 3209 88 3220 ι
141 3149 226 3210 ‘Arra
236 3165 287 3212 pro
299 3149 485 3216 quibuscunque
501 3151 577 3200 rebus
595 3167 611 3199 a
622 3152 755 3200 uenditore
767 3156 875 3214 neeeptu
888 3149 920 3198 ub
933 3165 969 3207 eo,
984 3151 1027 3214 qui
1037 3153 1102 3210 emit,

137 3217 309 3267 uenditionem
317 3219 462 3281 perfeetum
473 3233 544 3268 esee:
559 3223 669 3283 pretium
686 3223 767 3268 tumen
777 3217 936 3283 postmodnm
948 3223 1046 3280 emptor
1060 3218 1102 3278 (L.

139 3281 267 3348 emptore)
287 3287 416 3336 uenditori
433 3288 580 3350 impleturus
601 3283 644 3349 (L.
657 3285 817 3349 impletum),
838 3287 861 3334 ri
880 3292 924 3333 aut
944 3286 1012 3332 inter
1032 3285 1102 3347 ipsos

139 3353 287 3402 conuenerit
298 3359 343 3400 md
354 3354 465 3403 uirorum
477 3353 596 3404 bonorum
608 3354 782 3403 aestimatione
800 3351 952 3410 consulerit,
968 3352 1102 3400 seeundum

137 3421 249 3484 speeiem
260 3420 364 3470 Paulli’

211 3487 259 3537 Til.
275 3487 389 3539 XVIII.
426 3487 446 3552 1)
460 3489 499 3550 Os.
514 3489 546 3542 L.
560 3497 579 3538 3.
593 3489 625 3538 Ι).
638 3490 670 3537 de
683 3485 764 3549 onufr.
779 3489 827 3552 leq.
842 3485 884 3549 (33,
899 3486 931 3551 2).
