2648 3974
382 865 421 928 n.
452 863 673 930 vouvsrvs
702 812 969 928 nucerinus

194 1055 285 1114 tenui,
305 1057 335 1103 ut
351 1052 473 1114 videtur,
494 1052 602 1102 familia
620 1056 716 1114 natus,
734 1067 787 1101 nec
804 1051 879 1101 ultra
899 1056 1053 1116 equestrem
1073 1052 1166 1117 digni.-

194 1127 284 1172 tatem
306 1136 427 1186 unquam
451 1125 578 1183 evectus,
606 1119 723 1185 insignis
751 1123 844 1178 tamen
873 1121 929 1168 iarn
951 1119 1089 1170 Antonino
1112 1121 1167 1171 Pio

194 1192 350 1255 imperante
376 1190 432 1240 fuit
454 1187 665 1238 iurisconsultus
688 1192 716 1237 et
739 1189 768 1236 iu
787 1187 932 1237 consilium
951 1189 1011 1237 eius
1029 1189 1167 1252 principis

197 1263 353 1324 assumptus
367 1259 395 1307 et
407 1255 641 1321 diguus'habitus‚
660 1256 706 1320 qui
717 1255 756 1308 M.
767 1255 918 1314 Aurelium,
932 1259 989 1306 tum
1003 1254 1177 1318 Caesarem,

196 1329 240 1376 ius
258 1325 379 1377 doceret.
416 1326 476 1376 Nec
499 1327 594 1373 tamen
617 1323 765 1372 scientiam
787 1322 841 1372 fide
867 1324 1012 1387 aequavit,
1037 1323 1066 1372 id
1089 1323 1164 1386 quod

196 1396 287 1458 turpis
307 1395 366 1443 eius
386 1393 475 1442 exitus
493 1392 595 1440 docuit.
614 1391 685 1442 Nam
705 1406 765 1440 cum
778 1389 890 1440 Marcus
909 1392 1059 1456 imperator
1071 1391 1164 1456 Augu-

196 1466 255 1512 stus
274 1461 366 1510 factus
385 1463 467 1520 esset,
485 1459 661 1508 Maecianum
680 1459 715 1508 ab
735 1474 767 1508 eo
786 1459 972 1510 Alexandriae
990 1458 1165 1523 praefectum

195 1531 225 1578 in
244 1527 378 1578 seditione
392 1527 530 1576 Cassiana
549 1525 586 1588 (a.
601 1524 660 1590 175)
679 1531 711 1575 ιιι
730 1527 883 1576 ‘conscium
898 1526 1001 1576 Oa'ssii'
1019 1524 1073 1590 (sic
1091 1527 1166 1577 enim

197 1595 335 1645 ‘c’scium’
354 1610 404 1658 pro
423 1593 531 1642 ‘filium'
549 1594 578 1642 in
596 1594 657 1644 vita
674 1593 711 1643 M.
731 1594 825 1644 Aurei.
845 1611 868 1644 c.
881 1595 922 1645 25.
941 1593 1051 1653 videtur
1068 1593 1167 1658 legen·
1199 1610 1202 1616 ·

198 1661 273 1726 dum)
293 1664 432 1713 exercitus
451 1661 601 1710 interfecit.
637 1661 750 1722 Libros,
772 1676 840 1726 quos
859 1661 893 1711 de
910 1664 969 1711 iure
989 1661 1067 1711 civili
1085 1661 1166 1724 fecit,

197 1731 422 1794 Iustinianusque
435 1728 464 1777 in
473 1729 623 1778 Pandectis
637 1728 771 1792 adhibuit,
785 1729 867 1779 index
877 1730 1056 1780 Florentinus
1068 1729 1165 1778 refert.

197 1799 315 1848 Praeter
332 1797 382 1848 hos
402 1800 479 1846 extat
502 1796 614 1847 eiusde
634 1797 704 1846 assir
724 1796 919 1847 distributione
939 1797 1064 1856 libellus,
1085 1811 1165 1860 quem

197 1870 320 1916 testante
343 1865 532 1930 praefatione,
561 1863 597 1914 ad
619 1863 769 1915 Caesarem
793 1863 863 1928 (non
890 1864 926 1913 ad
949 1863 1111 1922 Censorem,
1134 1870 1168 1914 ut
1203 1861 1205 1865 ’

197 1935 353 1984 Momscnus
371 1933 475 1998 primus
492 1931 574 1996 vidit)
595 1948 626 1983 eo
645 1932 705 1996 ipso
724 1938 856 1997 tempore,
876 1947 1004 1996 quocum
1022 1934 1065 1982 ius
1085 1931 1166 1983 doce·

198 2003 262 2060 bat,
281 2001 335 2051 hoc
354 2005 396 2050 est
415 2001 491 2050 circa
511 2016 535 2050 a.
551 2001 599 2050 146
618 1999 774 2050 instruendi
791 2000 923 2064 discipuli
941 2015 1026 2050 cansa
1045 2000 1166 2050 conscri-

198 2071 263 2136 psit,
284 2070 363 2134 isque
383 2069 493 2134 integer
510 2068 590 2118 nobis
604 2072 732 2118 servatus
746 2072 788 2116 est
800 2067 907 2118 duobus
920 2068 1063 2121 codicibus
1077 2067 1166 2117 seculi

199 2137 306 2198 decimi,
325 2137 453 2188 Parisino
474 2135 527 2200 (P.)
547 2135 646 2198 altero,
667 2135 756 2185 altero
775 2135 912 2186 Vaticano
931 2133 998 2201 (V.).
1029 2135 1167 2198 Aquinus
1214 2155 1215 2158 ¹

198 2205 311 2256 libellus
331 2205 420 2254 editus
439 2205 489 2269 sit,
510 2205 613 2270 optime
633 2203 724 2253 disces
743 2219 776 2253 ex
794 2204 969 2268 praefatione
988 2203 1046 2253 eius
1067 2203 1166 2252 editio·

199 2275 252 2336 niS,
272 2289 342 2338 quae
360 2273 421 2338 ipsa
440 2272 558 2322 omnium
579 2271 613 2320 ad
632 2270 659 2320 id
677 2274 784 2335 tempus
797 2273 916 2320 maxima
935 2286 996 2320 cum
1016 2270 1165 2334 diligentia

198 2343 278 2391 facta
297 2345 349 2404 est,
368 2339 535 2404 Boeckingii
555 2338 626 2402 dico,
645 2344 758 2403 recepta
776 2340 803 2387 in
824 2355 937 2404 corpore
955 2339 1022 2388 iuris
1035 2337 1167 2388 anteiust.

199 2407 340 2457 Bonnensi
363 2407 468 2469 (1831.)
492 2406 735 2470 p.174.‘Postea
765 2411 857 2456 tamen
883 2409 1039 2463 Momsenus
1062 2407 1167 2469 primus

201 2479 361 2524 accuratam
389 2474 514 2523 codicum
541 2489 605 2527 mss.
635 2475 822 2540 cognitionem
848 2477 971 2538 aperuit,
1003 2489 1036 2524 ex
1065 2473 1167 2538 iisque,

199 2542 353 2608 praemissa
375 2541 516 2590 Maeciani
542 2543 615 2598 vita,
644 2542 771 2591 subiecta
798 2542 928 2592 lectionis
956 2550 1013 2591 tam
1040 2540 1167 2591 codicum
1229 2600 1232 2606 1

126 2632 128 2638 ·
200 2624 265 2659 mss.
285 2623 366 2674 quam
383 2608 611 2674 Boeckingianae
632 2608 761 2660 editionis
783 2610 934 2672 varietate,
954 2610 1044 2658 denuo
1063 2613 1168 2658 textum

200 2676 342 2726 recensuit
359 2677 389 2724 in
407 2675 559 2729 Commeat.
577 2677 672 2727 societ.
692 2677 787 2741 regiae
807 2676 911 2727 Sason.
929 2677 981 2727 vol.
997 2677 1048 2726 111.
1067 2693 1093 2741 p.
1108 2677 1166 2725 279.

202 2746 291 2806 Quam
309 2745 500 2794 recensionem
519 2760 568 2794 nos
588 2747 627 2794 ita
646 2746 735 2795 secuti
754 2761 855 2807 sumus,
874 2749 905 2794 ut
923 2748 1044 2806 tantum,
1064 2744 1113 2794 ubi
1132 2743 1168 2792 ab

203 2828 236 2862 ca
255 2811 451 2862 discedendum
468 2812 616 2874 videretur,
636 2814 665 2861 in
684 2814 757 2862 notis
777 2813 997 2874 admoneremus,
1017 2813 1168 2861 rationem·

203 2895 256 2944 que
277 2881 457 2930 correctionis
475 2880 661 2934 redderemus.

269 2983 311 3032 De
330 2999 385 3032 uua
404 2983 573 3034 correctione
592 2997 657 3032 vero
675 2982 731 3031 iam
749 2981 796 3030 hic
815 2981 962 3031 dicendum
980 2984 1031 3031 est.
1054 2980 1172 3044 Spectat

203 3067 237 3100 ea
256 3050 366 3100 titulum
384 3051 514 3114 opusculo
534 3053 563 3100 in
581 3049 658 3102 codd.
676 3049 707 3099 P.
727 3053 755 3099 et
767 3050 800 3102 V.
819 3052 847 3098 et
864 3054 895 3098 ut
914 3048 1025 3099 credere
1046 3063 1097 3112 par
1116 3052 1167 3108 est,
1202 3049 1205 3051 ’

202 3118 239 3168 ab
258 3120 317 3182 ipso
335 3119 483 3168 Maeciano
501 3117 691 3182 praemissum.
715 3118 804 3178 Quem
823 3117 932 3166 titulum
950 3117 1109 3166 Momsenus
1128 3116 1171 3164 ita

201 3187 346 3237 formavit:
374 3186 474 3237 Volusii
496 3185 629 3236 Maeuiani
650 3185 794 3236 distributio
817 3187 876 3234 item
897 3181 1018 3235 uocabula
1040 3199 1071 3234 ac
1094 3190 1170 3233 notae

199 3256 312 3319 partium
329 3255 356 3303 iu
372 3255 461 3315 rebus,
481 3269 545 3318 quae
568 3259 685 3304 coustant
707 3255 822 3317 pondere
841 3267 1088 3309 numeraremus,
1109 3265 1171 3299 cum

202 3323 232 3371 in
249 3322 280 3376 Ρ.
299 3323 331 3372 V.
351 3322 484 3386 scriptum
506 3321 556 3370 sit:
580 3321 679 3371 Volusii
696 3321 830 3370 Maeuiani
851 3320 994 3370 distributio
1017 3321 1075 3370 item
1097 3333 1171 3368 oocu-

202 3390 261 3438 bula
278 3406 309 3440 cc
327 3396 384 3439 note
400 3391 512 3452 partium
529 3391 556 3438 iu
573 3389 649 3439 rebus
665 3389 823 3452 pecuniariis
839 3389 955 3452 pondere
978 3402 1079 3436 numero
1102 3401 1171 3434 meu-

201 3473 273 3506 aura.
308 3455 344 3504 At
372 3457 444 3505 enim
470 3456 516 3504 hic
542 3457 628 3520 primo
657 3457 692 3505 ab
720 3454 906 3504 anterioribus
930 3453 1083 3504 editoribus
1105 3453 1173 3506 assis
