2634 3960
303 205 851 257 ·noenum.incruentorum.
873 206 898 254 5.
964 263 967 268 Ι
1053 207 1103 254 571
1168 209 1171 217 ’

132 373 240 414 stemus:
256 371 316 431 eum
333 355 395 418 iilia,
411 365 501 431 nepte.
518 366 664 432 pronepte,
680 361 803 432 itemque
817 369 914 423 matre¹
942 362 1015 424 auia,
1038 377 1102 433 pro·
1127 413 1131 420 Ι

133 443 207 498 auia:
224 449 251 496 et
267 457 299 496 ex
315 441 400 496 latere
415 443 495 496 amita
510 459 541 498 ac
556 450 714 504 matertera,
729 434 877 514 ¹⁹(sorore),
888 437 913 476 ³²
928 446 1031 499 sororis
1048 441 1103 499 lilia

133 535 162 582 et
177 542 210 581 es
225 541 257 580 ea
271 533 362 598 nepte.
391 525 513 598 Itemque
528 543 561 580 en
576 525 708 581 adfinibus
724 519 857 601 priuigna,
871 540 1100 592 nouerca'socru,
1172 581 1175 586 ,

133 627 214 671 nuru,
234 610 400 682 ceterisque,
429 625 498 683 quae
519 612 630 684 antiquo
656 613 714 666 iure
740 611 933 684 prohibentur,
958 630 973 666 a
1004 611 1101 685 quibus

132 704 247 752 cunctos
269 693 395 749 uolumus
422 693 566 751 abstinere.
606 691 645 771 c.
667 694 738 752 Nihil
758 697 844 757 enim,
866 697 918 751 nisi
933 705 1056 752 sanctum
1072 713 1103 752 ac

133 777 288 840 uenerabile
301 786 394 833 nostra
408 779 466 834 iura
481 779 648 840 custodiunt,
665 787 693 834 et
708 772 779 834 ’ἰιει3
800 779 832 834 ad
849 788 950 835 tautam
967 782 1101 854 magnitu-

132 863 224 919 dinem
239 860 358 916 Romana
377 864 500 918 rnaiestas
525 872 687 919 cunctorum
703 865 842 918 numinum
859 863 953 919 fauore
967 866 1100 936 peruenit,

134 949 262 1020 quoniam
281 959 375 1001 omnes
393 947 468 1020 leges
489 963 552 1002 suas
574 948 730 1021 ’religionis
758 943 908 1020 sapientia⁴
933 947 1101 1021 pudorisque

134 1031 325 1087 obseruatione
339 1029 470 1086 deuiusit.
515 1029 541 1088 7.
564 1031 652 1098 Quare
673 1033 727 1086 hnc
747 1032 836 1086 edicto
856 1038 951 1088 nostro
974 1032 1100 1088 uolumus

135 1114 258 1171 carnibus
276 1115 361 1187 palam
379 1113 450 1176 lieri,
467 1116 540 1187 quotl
556 1117 765 1188 praeteritorum
781 1117 872 1177 uenia,
901 1132 969 1188 quae
984 1132 1033 1189 per
1048 1117 1101 1170 ele-

134 1201 262 1254 mentiam
282 1207 403 1254 nostram
424 1207 520 1255 contra
540 1199 709 1272 disciplinam
731 1199 841 1269 uitletur
869 1199 988 1262 indulta,
1013 1197 1046 1254 ad
1072 1216 1102 1254 ea

134 1292 238 1340 tautum
264 1281 360 1338 delicta
376 1284 522 1355 pertineat.
539 1300 608 1356 quae
628 1284 656 1338 in
677 1283 748 1338 diem
773 1282 816 1337 lll.
839 1281 897 1339 llal.
920 1282 1101 1338 ianuariarum

135 1369 224 1424 Tusco
246 1375 274 1422 et
296 1368 412 1422 Anulino
434 1366 510 1423 Coss.
533 1367 661 1422 uidentur
682 1383 742 1422 esse
763 1369 914 1422 commissa.
959 1365 988 1422 8.
1006 1366 1102 1440 Siqua

134 1461 224 1507 autem
250 1459 345 1507 contra
367 1451 478 1506 llomaui
504 1453 635 1508 nominis
650 1451 733 1507 decus
759 1453 982 1524 sanctitatemque
1008 1451 1101 1526 legum

134 1544 199 1610 post
215 1536 399 1609 supradictum
420 1535 491 1591 diem
507 1535 748 1608 deprehenduntur
769 1536 898 1597 admissa,
920 1535 1002 1609 digua
1023 1551 1102 1590 seuc-

135 1622 215 1676 ritate
230 1621 393 1692 plectentur.
439 1619 493 1674 Nec
508 1621 579 1675 enim
596 1620 675 1676 ullam
691 1622 718 1675 in
734 1629 787 1675 tam
799 1619 902 1676 nelarie
918 1620 1101 1693 scelerequis·

135 1721 213 1778 quam
225 1707 349 1760 aestimet
366 1706 470 1760 ueniam
486 1721 517 1760 se
529 1707 658 1778 consequi
674 1721 764 1778 posse,
781 1705 870 1777 quiin
886 1705 951 1759 'iam
969 1698 1100 1760 ⁵euidens

134 1791 236 1844 crimen
256 1797 284 1845 et
304 1798 366 1860 post
387 1789 504 1844 ealictum
531 1797 656 1844 nostrum
675 1806 731 1844 non
747 1787 879 1844 dubitabit
891 1789 1010 1842 inruere.
1043 1777 1099 1842 Dat.

136 1907 142 1928 a
161 1916 168 1927 .
188 1916 193 1927 .
210 1873 267 1927 Kal.
285 1867 392 1936 Maias‚‘³
409 1873 518 1928 Damaso
535 1873 623 1928 'lusco
640 1881 667 1927 et
683 1872 800 1927 Anuliuo
816 1865 912 1927 Coss⁷

198 1955 265 2028 Kap.
282 1956 312 2010 V.
344 1957 642 2030 Hermogeniauus
658 1955 719 2010 sub
740 1956 849 2011 titulo
872 1954 911 2009 de
932 1949 1101 2026 nuptiis:⁸

134 2039 220 2112 lmpp.
236 2037 416 2094 utoetensnus'
433 2048 460 2094 et
476 2041 648 2098 Maximianus
665 2041 783 2113 Augusti
798 2039 936 2094 Flauiano.
977 2039 1038 2100 llis,
1055 2041 1102 2111 qui

134 2127 250 2180 incestas
268 2125 374 2195 nuptias
390 2140 438 2195 per
452 2139 572 2179 errorem
593 2125 770 2184 carricabunt,
792 2140 827 2179 ue
842 2123 938 2196 poeuis
959 2121 1103 2178 subiiciun-

135 2218 189 2271 tur‚
205 2209 242 2263 ita
257 2207 365 2263 demum
380 2207 522 2263 clementia
536 2209 689 2279 principum
704 2205 844 2268 cubuerit,
866 2207 890 2260 si
913 2215 1006 2280 postea
1022 2223 1102 2279 quam

135 2309 256 2348 errorem
282 2307 361 2346 suum
383 2292 540 2354 rescierint,
557 2291 629 2346 illico
651 2290 765 2345 celerias
788 2291 896 2363 nuptias
913 2282 1100 2346 diremerint.⁹

134 2377 216 2450 Prop.
233 2377 270 2432 ld.
289 2375 365 2432 llart.
382 2372 561 2448 (Tiberiano)
576 2383 604 2430 et
619 2373 703 2429 llione
719 2373 796 2430 Coss.
804 2368 830 2406 ⁴¹⁰

206 2475 272 2523 Hanc
291 2489 383 2538 quoqne
407 2475 598 2521 constitutionem
617 2473 776 2531 Gregorianus
799 2473 866 2522 titulo
885 2474 914 2522 de
931 2473 1019 2535 nuptiis
1037 2474 1101 2522 inse·

137 2543 192 2596 ruit,
210 2557 271 2602 qnae
289 2549 324 2590 est
342 2542 462 2590 tricesima
481 2547 504 2588 et
516 2541 627 2596 see-unda,
647 2540 701 2587 aliis
714 2548 792 2588 tamen
805 2549 828 2588 et
840 2541 878 2589 die
890 2549 913 2588 et
925 2541 1002 2594 Coss„
1016 2538 1100 2588 idest:

135 2605 361 2688 '[constitutio]¹
377 2612 407 2666 P.
423 2611 453 2666 P.
470 2611 500 2665 V,
517 2609 555 2665 ld.
573 2611 629 2666 lun.
647 2609 811 2666 Diocletiano
833 2619 876 2666 ter
896 2620 924 2666 et
945 2610 1101 2666 Maximiano

141 2697 272 2770 Augustis
287 2688 410 2769 (Cosa.)‘²

9 2847 11 2904 l
97 2877 167 2942 ¹³²)
188 2877 234 2928 Ex
252 2878 317 2928 lust.
337 2880 365 2932 U.
382 2881 467 2940 suppl.
488 2879 531 2926 Bt.
586 2877 607 2939 ³)
626 2877 717 2926 Malim
734 2877 797 2926 ideo.
855 2875 877 2933 4)
896 2875 943 2924 Ea:
962 2875 1047 2927 Ouiae.
1066 2876 1102 2936 ej.

135 2947 159 2995 Ia.
179 2963 202 2996 e.
222 2961 257 2996 ecc
274 2954 344 2995 recte
363 2947 465 3007 capuita
481 2947 613 3010 reiigione.
642 2945 757 3005 religione
775 2945 874 3007 sapienti
894 2942 927 2995 Β,
945 2942 987 2995 Vi.
1007 2944 1047 2994 ecl.
1060 2941 1102 2992 Bt.

135 3017 263 3075 religiones
282 3015 390 3078 sapienti·
405 3015 452 3063 Ve.
558 3011 579 3076 5)
599 3012 668 3076 Ante
687 3014 751 3060 enim
769 3014 862 3060 crimen
880 3013 908 3060 id
925 3026 981 3060 esse
999 3011 1102 3073 ipnora·

137 3079 213 3129 batnr
231 3079 258 3143 3.
277 3091 297 3130 3.
333 3091 380 3130 tem
398 3081 463 3130 cdd.
484 3081 543 3130 edd.
598 3079 643 3142 ·⁶)
663 3079 715 3134 Sic,
734 3095 784 3128 non
804 3080 865 3128 Maii.
884 3081 959 3128 etiam
977 3077 1010 3127 B.
1047 3077 1100 3126 No-

136 3161 228 3196 mermn
246 3150 299 3196 diei
314 3157 375 3198 ante
393 3151 440 3198 hoe
459 3147 593 3198 Kalendas
611 3149 739 3196 excidisse
756 3149 842 3210 pratum
860 3154 906 3197 est.
975 3143 996 3209 ⁷)
1016 3161 1043 3194 a.
1056 3153 1102 3192 295.

137 3213 158 3275 8)
178 3213 320 3264 Haenelius
337 3223 432 3265 tanturn
444 3218 469 3264 in
484 3215 560 3278 Grep.
573 3215 601 3266 0.
615 3232 642 3276 p.
654 3223 687 3266 3u.
706 3215 772 3263 lianc
783 3221 864 3264 const.
877 3215 972 3263 retulit.
1026 3211 1047 3274 ⁹)
1063 3211 1103 3273 Cf,

137 3281 169 3330 L.
188 3289 221 3328 as.
246 3279 273 3344 3,
291 3292 311 3332 t.
337 3283 369 3333 D,
393 3285 430 3332 ad
451 3287 499 3345 lep.
526 3283 574 3334 lut.
599 3283 631 3330 de
653 3284 732 3333 adult.
758 3281 806 3344 (⁴8,
827 3281 859 3344 s).
962 3277 995 3336 ⁴⁰)
1013 3294 1037 3330 α.
1056 3286 1102 3327 291.

138 3347 157 3408 ¹)
178 3348 270 3396 Natam
287 3352 334 3398 troc
351 3358 412 3410 puto
430 3366 466 3400 ex
484 3365 558 3406 coss,
577 3349 696 3414 qnod-B.
716 3357 792 3398 antec
810 3350 908 3399 omittit.
978 3344 999 3407 ²)
1018 3362 1043 3397 c.
1056 3353 1102 3393 287.

139 3413 227 3466 Totam
244 3417 290 3465 noc
309 3417 506 3466 additamentum
524 3432 574 3466 non
592 3416 623 3464 alr
636 3419 691 3479 ipso
708 3416 855 3467 collationis
872 3421 985 3470 auctore,
1005 3429 1021 3462 a
1033 3413 1103 3462 cuius

136 3485 241 3534 consitio
259 3485 287 3534 id
298 3485 406 3534 alienum
417 3491 463 3542 est,
483 3486 531 3534 aad
541 3491 569 3532 ut
579 3485 671 3532 similia
688 3485 714 3532 in
726 3484 771 3536 Fr.
790 3483 850 3532 Vnt.
863 3488 924 3530 266⁸.
937 3489 984 3530 270.
997 3489 1044 3533 272.
1056 3489 1103 3534 285.
