2634 3960
209 181 259 229 174
419 251 422 256 Δ
492 191 553 228 osu
573 192 677 228 ntem.
697 179 725 228 ΙΙ.
746 179 888 230 130-133.

205 336 341 408 feminini
361 351 431 391 uero
453 349 544 392 sexus
564 336 684 404 liberos,
708 337 738 390 id
758 342 800 391 est
814 337 893 407 filias
909 341 936 390 et
951 341 1053 406 neptes
1068 342 1096 392 et
1108 353 1179 408 pro·

207 428 309 491 neptes
330 426 382 476 aut
402 421 566 476 nominatim
587 425 637 476 aut
664 423 740 476 inter
761 410 918 476 eeteros⁹⁷
966 414 1034 476 130.
1055 419 1188 476 Postumi.

208 521 318 581 quoque
339 496 438 559 liberi⁸
460 506 507 562 aet
528 503 650 560 heredes
670 507 782 561 institui
808 505 911 560 dehent
936 506 983 560 aet
1010 504 1177 561 exherodom'.

205 585 267 646 131.
291 588 324 644 Et
338 593 367 644 in
384 605 417 645 eo
430 606 490 659 par
505 593 627 646 omnium
643 591 773 646 condicio
790 596 846 658 est,
870 591 947 661 quod
965 598 993 644 et
1007 593 1037 645 in
1050 591 1111 660 filio
1123 607 1178 661 po-

207 682 299 732 stumo
321 680 348 729 et
369 676 399 728 in
420 674 549 745 quotibet¹
566 689 605 730 er
626 677 731 730 ceteris
750 674 850 729 tiberis
864 677 926 729 sine
939 673 1073 746 feminini
1086 689 1179 731 senus

207 763 269 814 siue
289 759 445 813 masculini
459 761 625 830 praeterito
646 761 726 814 uolet
752 759 865 831 quidem
887 764 1099 829 testamentum,
1127 761 1182 815 sed

120 852 127 858 ’
204 850 307 914 postea
330 843 503 915 odpnatione
522 846 648 914 postumi
668 847 730 898 sine
747 849 900 914 postumae
915 848 1068 915 rumpitur,
1092 849 1119 899 et
1140 859 1178 898 ea

207 930 319 983 ratione
341 933 428 983 totum
453 929 629 999 infirmatur.
659 929 779 1000 ideoque
800 931 826 982 si
845 931 960 998 mulier,
985 944 1025 985 ex
1045 919 1112 1000 qua
1121 945 1177 1000 po-

206 1017 316 1068 stumus
332 1017 384 1066 out
395 1019 531 1083 postuma
548 1013 734 1083 sperabatur,
753 1014 885 1068 ohortum
898 1011 1021 1084 feeerit,
1039 1013 1111 1068 nihil
1126 1017 1178 1069 im·

204 1097 365 1167 pedimento
381 1103 424 1152 est
439 1100 557 1168 seriptis
571 1097 724 1154 heredibus
740 1099 780 1153 od
792 1098 981 1153 hereditatem
1002 1099 1177 1154 adeundam.
1194 1115 1198 1120 ·

206 1177 272 1238 182.
298 1181 356 1239 Se'd
372 1180 507 1252 feminini
526 1183 637 1254 quidem
658 1197 749 1238 sexus
766 1189 920 1255 postumae
942 1185 989 1239 uel
1009 1185 1177 1238 nominatim

206 1269 251 1322 rtet
267 1270 344 1322 inter
359 1274 473 1323 ceteros
489 1267 669 1323 exheredari
682 1267 783 1336 solent,
797 1268 864 1322 dum
880 1273 984 1336 tamea,
999 1269 1025 1323 si
1039 1269 1115 1323 inter
1127 1283 1173 1322 ee-

154 1359 194 1411 87.
208 1358 285 1408 teras
297 1352 521 1421 enheredentur,
532 1354 641 1424 aliquid
650 1354 692 1408 eis
702 1353 822 1424 lepetur,
831 1369 867 1408 ne
879 1353 1035 1408 uideantur
1041 1341 1176 1423 perobti-

154 1434 170 1478 1·
178 1443 197 1476 ⁸·
206 1439 818 1507 aionempraeteritoeesse:mosoulosuero
826 1443 983 1508 postumos,
990 1438 1021 1492 id
1031 1443 1074 1491 est
1084 1438 1175 1508 fitium

206 1527 233 1574 et
243 1521 387 1592 deinceps,
397 1523 513 1591 placuit
523 1537 580 1576 noa
593 1523 680 1576 aliter
691 1526 772 1576 reete
784 1522 970 1590 exheredari,
980 1524 1037 1576 nisi
1045 1524 1174 1581 nomina·

205 1607 252 1662 tint
268 1605 494 1672 exheredentnr,
507 1604 562 1660 hoo
574 1607 685 1660 scilieet
696 1607 777 1661 modo
792 1619 972 1671 praerapto
985 1621 1059 1662 mona
1072 1621 1178 1664 eeazrs

206 1702 471 1754 oeuorrssromr,
485 1703 727 1748 ennsnasesro.
784 1684 850 1746 133.
884 1689 1085 1746 Postumoram
1108 1693 1174 1747 loeo

204 1779 272 1828 snret
288 1772 366 1841 ethi,
384 1775 477 1845 quiin
493 1777 540 1829 sni
558 1775 674 1831 heredis
698 1777 792 1830 toeum
812 1775 994 1831 succedendo
1016 1778 1103 1847 quasi
1122 1777 1173 1830 ad-

202 1858 368 1930 pnosoendo
381 1860 457 1929 fiunt
470 1860 642 1929 ponentibus
656 1864 702 1916 sui
715 1860 853 1915 heredes:
869 1865 900 1914 at
917 1874 986 1914 ecee
1002 1863 1027 1914 si
1039 1861 1130 1931 fitium
1146 1866 1173 1915 et

204 1959 242 1998 eoo
258 1959 290 1998 eo
306 1950 437 2014 nepotem
458 1949 609 2014 neptemue
629 1948 658 2000 in
676 1950 821 2016 potestate
841 1945 977 2012 habeam,
1005 1947 1073 2017 quio
1094 1947 1175 2016 filins
1195 1977 1201 1986 ·

202 2029 300 2100 prada
313 2029 482 2099 praeeedit,
503 2031 531 2084 is
550 2031 628 2085 solus
647 2033 714 2085 iuro
733 2033 779 2084 sui
793 2029 909 2084 heredis
922 2029 1022 2099 habet,
1040 2032 1174 2100 quamuis

202 2128 293 2184 nepos
313 2129 425 2186 qnoque
446 2120 474 2168 et
488 2117 583 2186 neptis
598 2130 640 2171 eo:
651 2131 685 2170 eo
700 2118 730 2169 in
746 2110 846 2170 eodem
863 2119 1008 2184 potestate
1029 2116 1102 2178 siat,·
1122 2115 1182 2170 sed.

202 2201 228 2252 si
241 2201 320 2269 filius
334 2213 414 2254 meus
429 2213 472 2254 me
488 2202 554 2256 uinco
574 2203 724 2274 moriatur,
748 2204 799 2254 ant
814 2199 941 2270 qnalibet
955 2201 1069 2254 ratione
1083 2204 1174 2254 exeat

202 2284 236 2336 de
249 2288 393 2352 potestate
409 2299 481 2352 mea,
498 2287 600 2355 incipit
614 2299 704 2356 nepos
720 2286 852 2354 neptisue
874 2286 903 2338 in
919 2284 981 2339 eins
995 2286 1089 2338 locum
1104 2297 1171 2336 sno-

203 2367 313 2434 eedere,
333 2373 360 2421 et
376 2383 408 2422 eo
424 2369 505 2423 modo
520 2371 586 2424 iura
602 2384 720 2424 suorum
734 2368 872 2423 heredum
891 2371 978 2440 qnasi
997 2367 1171 2438 odpnatione

13 329 29 354 RE!
47 335 48 340 ¹

13 353 29 384 “A

13 395 45 432 huz

13 433 15 438 ·
27 433 36 448 ι’,

20 459 30 494 31

12 553 28 598 ’1-
40 545 47 600 Ι,

20 689 30 708 ¹·-

12 743 38 792 ,⁸⁵7-

12 793 14 836 t
27 793 40 838 ³.

12 839 39 872 s'v

12 879 29 908 νῑι

11 909 37 958 i:

11 973 37 1072 ‘iz
74 1033 76 1040 s

11 1125 29 1194 ἐκ

11 1187 30 1242 p,

11 1247 33 1306 K,
47 1247 48 1250 ,

11 1351 22 1406 h

10 1407 34 1450 11-

10 1453 19 1482 1
27 1439 38 1482 '1'

10 1487 36 1518 t

10 1525 22 1566 1

9 1957 23 1988 h·
38 1979 40 1984 .

9 1995 17 2020 n

9 2059 13 2072 h

9 2259 31 2286 s.

10 2285 19 2306 ρ

201 2621 232 2683 ⁹⁷)
251 2622 296 2671 lta
309 2624 453 2672 adsensum
465 2624 568 2686 eoepleoi
583 2631 630 2672 mit
647 2630 673 2672 et
686 2632 718 2675 ιο.
744 2624 783 2686 Cf.
798 2623 885 2688 3.·131.
916 2625 988 2674 Male
1002 2623 1104 2674 Loehm.
1119 2624 1168 2671 od-

199 2693 338 2754 stiputonte
351 2692 409 2739 lieet
416 2690 543 2741 Gneistio:
556 2693 711 2740 ‘nominatim
723 2692 880 2743 eoeherednrt‘
891 2693 966 2752 iahed,
979 2692 1095 2755 feminini
1106 2705 1170 2740 uero

200 2761 267 2807 inter
279 2765 389 2818 ceteros,
405 2759 449 2823 qui
465 2759 514 2807 nisi
527 2759 627 2821 fuerint
644 2761 681 2808 ita
699 2759 864 2823 exheredati,
880 2762 1007 2825 promittit
1023 2759 1059 2808 eis
1078 2765 1170 2809 contro

201 2826 299 2874 tabulas
311 2825 429 2876 honoman
440 2828 651 2890 possessionem’.
681 2827 745 2876 Nom
757 2844 803 2877 nee
815 2845 899 2877 ueram
911 2828 958 2877 hoe
970 2834 1009 2876 est
1022 2824 1083 2888 (nisi
1094 2827 1170 2876 addi·

200 2895 284 2942 deris:
297 2895 352 2958 ‘qui
362 2895 386 2942 si
397 2909 443 2943 nee
455 2895 562 2944 heredes
574 2895 683 2944 instituti
695 2910 741 2944 nee
753 2896 790 2944 ita
800 2895 900 2958 fuerint
912 2894 1034 2956 enher.’),
1049 2910 1095 2943 nee
1106 2893 1171 2944 haee

197 2963 333 3025 promissio
343 2963 476 3025 praetoris
487 2963 559 3012 huius
571 2964 620 3012 loci
631 2969 683 3018 est,
697 2978 743 3012 nee
760 2963 824 3012 idem
842 2970 882 3012 ter
895 2964 994 3012 dixisse
1008 2961 1071 3011 Gaio
1090 2963 1168 3024 impu·¹

200 3030 252 3077 tari
271 3028 346 3078 dehet
368 3028 413 3092 (cs.
437 3027 625 3094 SS.129.135).
673 3030 694 3092 8)
720 3029 914 3094 Supplementa‚
940 3043 1007 3095 qaae
1028 3036 1170 3093 sequuntur

197 3272 241 3342 ἕξ.
257 3274 517 3339 loo-132.=s.1.
536 3275 561 3324 1.
575 3277 607 3324 de
625 3277 747 3339 exhered.
767 3275 808 3326 h'b.
824 3273 860 3338 (2,
875 3272 919 3338 ts).
946 3273 986 3337 Of.
1008 3274 1068 3337 Uip.
1083 3282 1121 3330 22,
1136 3281 1168 3324 ¹5.

199 3352 291 3396 18-21.
303 3351 336 3404 23,
349 3353 369 3398 2.
390 3344 441 3395 Cio.
454 3345 486 3393 de
498 3349 565 3395 orat.
580 3352 599 3400 1,
612 3352 644 3392 57.
662 3359 711 3406 pro
725 3343 798 3392 Caes.
812 3351 848 3391 2⁵.
872 3343 911 3392 De
933 3344 989 3392 iure
1001 3341 1170 3391 Etruseorum

198 3411 231 3472 ef.
245 3412 304 3462 Liu.
319 3420 339 3471 1,
352 3419 384 3462 11.
398 3409 462 3475 Sd,
476 3427 524 3476 qno
538 3411 631 3460 Romae
641 3415 734 3474 postea
745 3411 836 3459 milites
848 3409 993 3462 utebantur.
1013 3406 1041 3472 3.
1055 3417 1077 3459 6.
1090 3408 1116 3458 1.
1131 3409 1169 3458 tit.

197 3480 239 3528 eit.
308 3475 423 3544 §5511ss
439 3481 496 3531 134.
509 3497 543 3522 =
556 3477 588 3528 L.
603 3485 633 3528 1³.
654 3478 687 3526 D.
702 3479 733 3526 de
750 3478 844 3528 iniusto
856 3483 934 3540 rupto
947 3473 993 3539 (as,
1007 3474 1039 3539 s).
1062 3474 1089 3539 S.
1101 3485 1123 3526 2.
1141 3473 1168 3524 I.
