2634 3960
511 197 573 232 ean
593 197 698 234 rnsrrr.
716 160 757 231 lll.
776 183 886 231 49-52.

114 375 119 384 =
156 381 188 406 „.
219 348 400 414 patronorum
421 339 504 412 longe
522 338 660 392 'remotos
676 353 739 393 esse
761 332 804 391 ob
813 338 889 392 omni
908 351 941 391 eo
962 337 1022 390 iure
1041 337 1186 393 beredita-

99 441 112 500 ⁵]
194 416 298 486 -'ri0‚⁰⁰
315 426 392 496 quod
404 426 452 479 uel
467 424 494 476 in
509 424 702 480 intestatorum
715 419 793 476 bonis
809 423 856 476 uel
872 425 969 478 eontra
984 418 1088 476 tabutas
1104 428 1188 476 testa·

102 515 108 534 ⁴
129 519 172 564 ,Α
220 509 305 564 menti
318 515 434 580 patrono
450 506 589 578 competit.
622 553 624 558 .

116 643 117 646 ,
283 588 333 647 49.
366 590 498 647 Patronae
525 589 590 644 olim
616 596 678 643 ante
703 588 793 662 legem
818 586 924 661 Papiam
951 587 1004 644 hoo
1029 587 1117 644 solum
1144 591 1187 643 ius

156 697 163 744 ‘.
221 674 354 732 habebant
369 674 491 730 inbonis
507 671 676 734 libertorum,
694 671 863 744 quodetiam
878 673 999 745 patronis
1017 673 1188 746 exlegem

223 759 373 814 tabularum
390 758 480 814 datum
496 764 546 813 est.
585 773 636 814 neo
652 759 724 812 enim
739 763 770 810 ut
785 763 880 811 eontra
893 753 997 811 tabulas
1019 753 1186 818 testamenti,

99 847 101 852 ’
220 845 248 898 in
265 861 320 915 quo
334 847 512 916 praeteritae
527 848 615 902 erant,
638 841 683 895 uel
704 840 736 894 ab
750 841 880 896 intestato
902 848 996 896 eontra
1017 840 1102 896 lilium
1117 840 1188 895 'ado-

98 975 99 978 ,
206 928 326 1000 -ptiuum
354 927 397 982 uel
424 941 535 982 uxorem
561 940 694 981 nurumue
721 923 855 980 bonorum
875 925 1077 996 possessionem
1102 927 1188 996 partis

100 1003 112 1060 Ῐ
142 1015 150 1030 ’“
174 1049 175 1054 1
222 1011 354 1078 dimtdoae
368 1018 508 1084 peterent,
524 1016 634 1083 praetor
649 1008 775 1064 similiter
790 1007 865 1074 'ets'l
883 1026 920 1064 oe
938 1015 1065 1080 patrono
1080 1007 1186 1064 liberte

100 1157 105 1162 ,
137 1117 138 1120 ¹
222 1111 277 1168 que
299 1099 360 1152 eius
381 1097 531 1151 concessit.
540 1087 568 1126 ⁴⁰
609 1087 660 1148 50.
691 1093 750 1148 Sed
766 1099 869 1163 posteo
890 1094 942 1149 tex
962 1093 1057 1164 Papio
1079 1091 1188 1148 duobus

100 1225 119 1252 a,
155 1187 213 1236 139
223 1181 322 1236 liberis
337 1178 512 1234 honoratae
505 1193 638 1250 ingenuae
653 1184 797 1249 patronae,
817 1170 821 1253 Ι
837 1175 979 1231 libertinae
994 1174 1080 1231 tribus
1096 1175 1188 1231 eadem

100 1315 106 1324 ,
135 1273 140 1280 '
222 1262 302 1318 iere
294 1279 353 1318 rura
368 1262 455 1326 dedit,
473 1278 541 1336 quae
557 1277 588 1316 ex
604 1261 693 1316 edicto
708 1261 840 1333 praetoris
856 1262 964 1333 patroni
978 1259 1090 1321 habent;
1107 1261 1188 1316 trimn

107 1415 110 1422 ,
125 1337 127 1340 ¹
160 1367 162 1370 ·
221 1363 288 1402 uero
305 1345 474 1427 liberorum
467 1361 525 1400 mre
537 1345 704 1400 honoratae
696 1361 832 1418 ingenuae
844 1352 974 1418 patronae
986 1361 1017 1399 ea
1031 1345 1090 1399 iura
1104 1344 1187 1406 dedit,

98 1501 99 1506 ἵ
223 1447 291 1502 quae
305 1447 355 1502 per
371 1431 483 1486 eandem
504 1429 592 1501 legem
613 1435 730 1501 patrono
738 1429 814 1483 data
833 1435 911 1492 sunt;
936 1427 1077 1484 libertinae
1097 1436 1186 1483 autem

169 1533 170 1536 ¹
222 1521 351 1586 patronae
366 1513 508 1568 nonidam
523 1513 588 1566 iuris
603 1513 748 1584 praestitit.
793 1510 838 1569 61.
863 1512 941 1580 onon
957 1520 1045 1568 autem
1061 1511 1094 1566 ad
1109 1511 1204 1567 liber-·
1267 1578 1271 1587 Ι

222 1598 338 1652 tinarum
353 1595 424 1651 bona
438 1599 571 1670 pertinet,
594 1597 616 1650 si
633 1597 741 1669 quidem
762 1597 905 1652 intestatae
925 1595 1105 1659 decesserint,
1121 1595 1189 1652 nihil

219 1681 287 1736 'noui
303 1687 432 1753 patronae
454 1679 545 1736 liberis
567 1680 715 1736 honoratae
736 1680 879 1754 len·Papia
899 1688 1032 1754 praestat:
1053 1682 1144 1752 itaque
1165 1681 1189 1733 si

181 1769 185 1835 ᾗ
223 1781 312 1837 neque
327 1765 385 1837 ipsa
400 1773 514 1837 patrona
528 1781 617 1838 neque
633 1763 728 1819 liberta
745 1769 841 1836 eapite
862 1764 991 1820 diminuta
1005 1765 1055 1827 sit,
1078 1780 1110 1818 en
1126 1763 1191 1836 lege

120 1897 121 1902 ,
222 1865 271 1905 xrr
285 1847 436 1904 tabularum
452 1848 485 1904 ad
501 1865 558 1904 eam
574 1848 708 1904 hereditas
723 1849 855 1921 pertinet,
872 1856 899 1903 et
914 1847 1094 1904 exeluduntur
1109 1846 1190 1902 liber-

114 1945 115 1948 ’
139 1933 155 1972 ἓ
219 1941 266 1988 ¹tae
282 1931 373 1996 liberi:
396 1932 469 2006 qood
486 1934 553 1988 iuris
570 1939 613 1988 est
628 1932 708 1988 etiam
722 1934 746 1988 si
762 1933 853 1990 liberis
870 1932 1002 1988 honorata
1021 1948 1078 1988 non
1093 1933 1129 1986 sit
1143 1948 1191 2004 pa·

224 2027 317 2072 trena:
344 2033 490 2089 numquam
514 2018 599 2078 enim,
626 2018 697 2071 sicut
719 2016 948 2090 supradiximus,
976 2017 1089 2072 feminae
1111 2032 1190 2071 suum
1217 2071 1219 2076 ,

225 2101 353 2156 heredem
368 2100 467 2156 habere
481 2108 612 2174 possunt:
633 2101 656 2155 si
678 2117 744 2156 nero
766 2101 810 2156 uel
833 2102 912 2156 huius
935 2101 980 2156 nel
1001 2101 1074 2156 illins
1095 2101 1191 2173 eapitis
1261 2107 1262 2110 ’

14 2244 23 2253 ,7
73 2259 74 2262 ¹
225 2185 375 2241 deminutio
391 2186 569 2246 interueniat,
591 2201 687 2240 rursus
703 2183 781 2240 liberi
801 2184 912 2240 libertae
935 2185 1084 2240 excludunt
1098 2192 1191 2258 patro·

14 2263 42 2338 33
68 2273 77 2280 ’“
106 2297 109 2302 -
144 2335 145 2338 ¹
225 2286 300 2331 nam,
318 2271 380 2342 quia
396 2269 518 2343 legitimo
534 2272 594 2324 iure
610 2273 715 2340 eapitis
731 2268 909 2326 diminutione
924 2277 1071 2341 perempto
1088 2271 1190 2332 euenit,

26 2349 34 2370 ³
226 2360 256 2407 ut
278 2351 356 2407 liberi
377 2352 488 2407 libertae
509 2355 682 2425 cognationis
710 2355 770 2408 iure
791 2356 913 2433 potiores
934 2352 1091 2408 habeantur.
1140 2348 1188 2408 52.

88 2487 89 2490 ,
225 2435 291 2491 Cum
313 2443 402 2490 autem
425 2443 587 2502 testamento
608 2436 680 2492 laeto
702 2439 818 2494 moritur
832 2437 942 2499 liberta,
964 2453 994 2492 ea
1016 2436 1125 2509 quidem
1144 2452 1192 2509 pa·

106 2523 107 2526 ’
156 2543 158 2546 ·
226 2527 322 2580 trono,
339 2535 407 2591 quae
426 2517 517 2575 liberis
533 2521 666 2577 honbrata
681 2538 737 2578 non
753 2529 808 2584 est.
825 2522 892 2578 nihil
907 2523 973 2578 iuris
994 2520 1076 2576 habet
1097 2526 1191 2576 eontra

42 2603 49 2620 ”
168 2597 172 2603 ’
225 2603 336 2658 libertae
353 2610 559 2667 testamentum
582 2608 706 2667 einero,
729 2621 797 2679 qnae
813 2606 904 2662 liberis
920 2607 1053 2661 honorata
1072 2607 1121 2668 sit,
1139 2605 1191 2668 hoo

224 2689 267 2741 ins
283 2685 412 2742 tribuitur
426 2703 475 2760 per
489 2688 580 2762 legem
594 2688 709 2762 Papiam,
728 2691 801 2763 quod
814 2689 894 2746 habet
910 2706 942 2745 ex
958 2691 1046 2747 edicto
1059 2695 1191 2762 patronus

227 2778 320 2826 contra
339 2770 441 2826 tabulas
458 2771 557 2827 liberti.

225 2981 257 3082 io)
282 2985 393 3034 Restitui
408 2987 561 3052 ‘Gaios'p
580 2997 613 3037 58.
643 2995 758 3038 remotum
780 2989 810 3037 ab
829 2990 894 3038 omni
909 3004 939 3038 eo
963 2990 1013 3038 iure
1034 2989 1064 3038 iri
1082 2989 1123 3039 ed.
1140 2987 1206 3050 Bp.⁴

225 3049 323 3114 ⁴⁰)Ad
337 3067 435 3102 sensum
452 3056 561 3105 restitut.
590 3057 665 3105 Nune
682 3073 741 3106 vero
754 3059 790 3106 od
800 3054 893 3107 Sched
911 3058 987 3119 fidem
1003 3071 1047 3120 pro
1060 3057 1192 3104 ‘mosculis

139 3271 140 3274 ¹
225 3251 270 3388 ἓξ
263 3257 325 3308 48
337 3258 378 3308 50
401 3256 707 3319 Ofilttpwaoaorrr
726 3259 758 3306 L.
774 3257 967 3310 erdeton
982 3258 1026 3310 tit
1040 3255 1085 3320 (ae
1099 3255 1131 3320 2)

264 3324 305 3373 51.
326 3323 364 3386 Of.
382 3323 440 3387 Uip
454 3331 491 3384 27,
506 3334 525 3375 5.
551 3322 579 3388 S.
592 3334 612 3376 2
633 3326 659 3377 Ι.
678 3327 710 3374 de
728 3324 777 3374 SC.
796 3324 894 3387 Orphit.
909 3325 944 3388 (3,
956 3323 989 3388 4).
1012 3335 1131 3388 suprat,
1145 3332 1192 3373 158.

226 3391 374 3455 sicntsupra
393 3392 451 3448 din]
473 3390 549 3455 Cfi,
524 3401 536 3440 3
563 3400 596 3442 13,
620 3402 644 3449 2,
659 3401 704 3440 161.
725 3401 748 3450 1,
763 3401 807 3443 101.
830 3393 862 3446 L
877 3401 908 3442 13.
927 3393 961 3445 Ι).
981 3394 1013 3442 de
1030 3408 1082 3442 sure
1101 3399 1127 3442 et
1143 3394 1192 3454 leq

228 3454 328 3521 (,.asro)
398 3431 789 3524 3,52.0[,’3..11[]1ρ291
