2648 3974
234 187 285 234 298
510 197 582 247 ,ωτι
602 198 704 236 macir.
724 185 761 236 tv.
782 185 923 238 tot-107.

233 331 348 396 in‘urbe
363 339 447 396 Roma
468 341 512 396 uel
533 343 603 396 intra
624 343 739 414 primum
760 340 834 396 urbis
850 340 949 396 Romae
971 340 1111 396 miliarium
1129 342 1202 396 inter

233 442 325 481 omnes
352 426 424 481 ciues
445 425 579 482 Romanos
605 425 656 480 snb
683 442 737 480 uno
759 424 846 481 iudice
867 426 1048 498 accipiuntur:
1077 441 1161 498 caque
1184 439 1201 480 e

232 511 294 584 lege
319 510 384 565 iulia
404 510 559 580 iudiciaria,
587 511 639 564 nisi
659 511 686 564 in
708 527 778 566 anno
799 516 826 564 et
848 525 895 564 sex
921 508 1059 566 mensibus
1085 509 1200 564 indicata

233 595 348 658 suerint,
366 596 502 668 expirant:
519 602 546 650 et
560 595 613 650 hoc
628 602 683 656 est,
707 593 780 668 quod
796 593 880 667 uulgo
897 593 1009 656 dicitur,
1027 611 1042 649 c
1057 593 1118 668 lege
1133 593 1201 650 Iulia

232 679 306 734 litem
327 695 396 736 anno
418 686 446 734 et
466 695 512 734 sci
534 677 670 734 mensibus
691 680 769 734 mori.
809 674 886 736 tot.
911 677 1025 752 imperio
1047 694 1113 734 uero
1134 693 1199 734 oon·
1266 711 1269 713 >

234 765 355 820 tinentur
380 765 580 838 recuperatorio
605 771 632 818 et
659 779 726 836 quae
756 762 806 820 sub
833 779 888 818 uno
917 763 1005 819 iudice
1030 764 1200 836 accipiuntur

231 849 431 904 interueniente
462 848 598 922 peregrini
627 864 743 921 persona
771 847 866 905 iudicis
897 855 942 904 aut
972 847 1134 921 litigatoris;
1171 848 1199 902 in

231 931 340 990 'cartem
350 925 388 965 ¹³⁸
400 949 479 988 causa
494 939 572 996 sunt,
589 948 775 1005 quaecumque
790 938 865 988 cntra
880 933 995 1005 primum
1011 931 1084 988 urbis
1099 931 1199 986 Romae

230 1017 372 1074 miliarium
399 1025 452 1072 tam
478 1018 549 1072 inter
578 1017 652 1072 ciues
678 1015 812 1074 Romanos
838 1033 916 1090 quam
942 1018 1014 1072 inter
1038 1017 1199 1090 peregrinos

232 1103 414 1176 accipiuntur:
443 1101 503 1158 ideo
530 1109 619 1157 autem
645 1102 915 1176 imperio‘contineci
942 1100 1038 1158 iudicia
1063 1091 1199 1161 dicuntur,

232 1188 294 1259 qnia
315 1186 416 1242 tamdiu
441 1185 546 1249 ualent,
569 1185 696 1259 quamdiu
709 1187 747 1248 is,
775 1187 822 1258 qui
837 1201 868 1240 ca
882 1187 1031 1259 praecepit,
1058 1187 1200 1258 imperinm

233 1271 347 1327 habebit.
397 1266 463 1328 106.
487 1271 522 1328 Et
540 1271 672 1343 siqnidem
694 1271 806 1342 imperio
829 1271 980 1326 continenti
1001 1269 1100 1326 indicio
1123 1269 1199 1342 'per-

232 1351 339 1412 actum⁹
356 1347 452 1417 inerit,
474 1358 532 1412 siue
547 1357 574 1410 in
590 1372 647 1410 rem
663 1355 720 1410 siue
735 1355 763 1410 in
779 1371 936 1428 personam,
953 1356 1011 1410 siue
1027 1369 1059 1409 ea
1073 1353 1197 1416 formula,

165 1447 223 1497 225.
235 1457 302 1512 qnae
318 1442 345 1496 in
361 1433 470 1515 iaictum
485 1445 614 1512 concepta
630 1447 686 1502 est,
702 1439 760 1493 sinc
776 1455 815 1500 ea,
833 1455 899 1512 quae
915 1439 942 1494 iu
958 1439 999 1494 ius
1016 1437 1095 1494 habet
1110 1438 1199 1494 inten-

234 1526 349 1587 tionem,
372 1531 466 1597 postea
488 1522 660 1580 nihilominus
682 1525 741 1596 ipso
756 1525 815 1579 iure
831 1523 864 1578 de
880 1523 972 1578 eadem
988 1540 1017 1578 re
1032 1524 1075 1596 agi
1092 1530 1197 1595 potest:

234 1615 261 1663 et
286 1607 347 1664 ideo
369 1609 518 1664 necessaria
539 1615 581 1662 est
601 1609 723 1681 exceptio
745 1609 784 1663 rei
805 1607 935 1664 iudicatae
958 1607 1002 1662 uel
1022 1608 1050 1664 in
1071 1607 1199 1663 indicium
1267 1613 1271 1619 '

233 1691 372 1748 deductae.
417 1688 479 1750 lot.
504 1693 553 1746 'At
568 1697 593 1749 si
601 1683 639 1724 ¹⁴⁰
653 1692 775 1765 legitimo
789 1690 888 1748 iudicio
905 1692 931 1746 in
952 1708 1094 1764 personam
1109 1699 1199 1759 actum

233 1778 268 1832 sit
290 1793 321 1832 ea
341 1776 470 1841 formula,
499 1794 566 1850 quae
586 1778 651 1833 iuris
673 1776 758 1832 ciuilis
779 1775 859 1832 habet
884 1777 1075 1839 intentionem,
1104 1782 1200 1848 postea

232 1863 291 1935 ipso
307 1863 366 1917 iure
382 1861 414 1917 de
430 1861 522 1918 eadem
538 1879 567 1918 re
583 1863 626 1936 agi
643 1877 698 1917 non
714 1868 814 1934 potest,
831 1869 858 1916 ct
873 1859 907 1916 olr
923 1860 949 1916 id
965 1862 1087 1933 exceptio
1104 1876 1199 1934 snper·

233 1963 316 2004 uacua
332 1953 385 2010 est;
408 1948 431 2002 si
447 1963 512 2003 ricco
530 1947 574 2002 uel
589 1948 616 2002 in
632 1963 689 2002 rem
704 1946 749 2002 uel
764 1947 792 2000 in
808 1945 907 2001 iactum
923 1952 1011 2000 actum
1027 1945 1121 2006 inerit.
1139 1947 1198 2018 ipso

234 2145 276 2211 138)
291 2147 336 2197 Eae
350 2147 455 2198 Gaesci.
468 2147 508 2198 ert.
528 2161 554 2194 ea
567 2146 607 2194 ed.
621 2144 671 2210 Bp.
718 2143 739 2207 ο)
753 2143 797 2194 Sic
811 2143 1122 2200 cenomannensem,
1140 2144 1200 2192 iicet

233 2216 303 2264 dabit
314 2215 412 2280 aliquid
422 2220 525 2270 moneat,
539 2214 609 2278 qaod
618 2213 753 2262 subiectam
770 2213 856 2267 deest·
872 2227 928 2260 nam
945 2213 969 2260 si
984 2217 1058 2261 actor
1074 2226 1124 2260 noa
1133 2226 1200 2273 per-

233 2283 335 2348 agebat,
348 2285 397 2332 sed
407 2297 509 2332 cansam
521 2280 690 2344 relinquebat,
704 2287 731 2328 at
743 2280 859 2330 indiciam
868 2280 942 2342 finito
954 2280 1060 2342 imperio
1074 2279 1140 2334 cias,
1154 2279 1201 2341 qai

233 2353 261 2400 id
269 2356 454 2414 praeceperat,
465 2351 544 2413 plane
556 2351 710 2408 solveretur,
724 2362 804 2412 neque
821 2349 861 2396 ret
871 2347 999 2396 indicatae
1016 2359 1096 2409 neque
1114 2344 1154 2393 rei
1170 2345 1198 2392 in

233 2419 349 2466 indiciam
361 2418 485 2467 deductae
497 2416 617 2479 exceptio
630 2419 719 2463 iterum
736 2415 822 2478 apenti
834 2413 952 2464 obstabat
964 2411 1027 2476 (Cic.
1039 2427 1089 2474 pro
1102 2411 1196 2462 Flacco

233 2494 266 2534 21.
279 2483 306 2548 S.
319 2484 367 2545 50);
384 2485 432 2534 sed
443 2489 468 2532 et
478 2483 573 2532 iudicio
585 2483 632 2531 tati
640 2483 758 2544 petitum,
776 2497 831 2530 carn
842 2483 893 2531 titis
905 2482 1088 2532 contestatione
1100 2495 1199 2544 perem-

231 2559 301 2617 ptam
314 2569 363 2604 non
375 2557 443 2601 esset
456 2548 486 2612 (3,
501 2549 556 2610 1111),
570 2551 596 2598 in
609 2550 836 2612 compensationem
848 2550 940 2598 deduci
948 2554 1062 2613 poterat.
1084 2548 1115 2596 L.
1129 2555 1149 2596 s.
1164 2548 1198 2595 D.

233 2623 265 2670 de
277 2633 404 2683 compens.
417 2617 465 2679 (16,
478 2615 510 2679 2).
544 2616 617 2666 Unde
629 2616 813 2680 quaerebatur,
830 2633 865 2666 an
881 2618 962 2666 iudex
977 2624 1048 2666 recte
1066 2622 1091 2665 et
1107 2616 1198 2665 ordine

232 2689 345 2750 faceret,
357 2688 381 2736 si
393 2685 595 2750 quemadmodum
607 2685 764 2733 indicaturus
776 2690 855 2742 esset,
874 2691 934 2734 ante
946 2685 1102 2736 ostenderet.
1135 2682 1198 2732 Geli.

234 2764 265 2812 tt,
278 2764 299 2805 2.
318 2761 395 2802 actum
408 2752 465 2801 edd.
503 2748 545 2813 ¹⁴⁰)
559 2751 605 2800 Ea·
618 2751 723 2800 Goesch.
738 2753 779 2803 ed.
798 2760 821 2800 at
834 2767 889 2801 uero
903 2748 948 2817 (si)
962 2752 1003 2801 ed.
1017 2750 1068 2816 aq.
1156 2771 1159 2774 ·

235 2871 437 2882 ——----—

234 2954 295 2988 anno
310 2946 331 2986 et
343 2953 382 2987 sex
396 2938 439 2996 m]
452 2937 486 3000 cs.
503 2938 583 2988 Tacit
597 2937 631 2986 Α.
644 2945 664 2996 t,
679 2945 711 2986 tt.
736 2939 801 2988 litem
814 2938 886 2996 mori]
898 2937 932 2999 cf.
946 2937 978 2986 L.
993 2945 1026 2990 ts.
1040 2935 1067 3000 8.
1081 2943 1102 2988 t.
1120 2935 1152 2984 D.
1168 2936 1201 2984 de

234 3009 292 3057 dato
304 3022 335 3061 ra,
350 3002 381 3070 (t,
394 3004 429 3070 3).
449 3006 479 3056 L.
494 3015 527 3056 32.
542 3006 574 3054 D.
587 3006 619 3054 de
631 3005 707 3055 iadic.
721 3003 752 3068 (5,
768 3004 798 3069 1).
817 3006 849 3054 L.
863 3013 897 3054 30.
910 3002 938 3068 S.
953 3013 971 3051 t.
985 3005 1017 3054 D.
1031 3005 1068 3054 ad
1079 3005 1097 3055 t.
1112 3003 1199 3067 Aquil.

235 3073 264 3138 (9,
279 3072 311 3137 2).
336 3074 369 3123 L.
383 3081 402 3124 3.
417 3072 445 3137 S.
462 3082 479 3123 1.
496 3074 526 3126 Ι).
542 3088 607 3139 quae
620 3074 646 3122 in
654 3074 745 3136 fraud.
759 3069 808 3135 (12,
822 3071 854 3136 8).
878 3073 912 3124 L.
924 3081 944 3120 2.
958 3072 989 3122 I).
1009 3073 1040 3122 de
1053 3072 1104 3120 dia.
1123 3078 1199 3134 temp.

234 3143 276 3202 (tt,
290 3140 322 3208 a).
346 3140 377 3190 L.
391 3151 410 3190 r.
425 3142 457 3193 D.
469 3142 545 3192 indta.
558 3142 622 3192 sotor·
635 3138 678 3205 (ss,
692 3139 724 3202 a).
749 3142 782 3190 L.
799 3149 829 3189 ro.
843 3140 877 3190 D.
890 3141 922 3190 ae
934 3141 995 3203 stip.
1006 3145 1093 3204 praet.
1108 3135 1152 3202 (ts,
1166 3137 1200 3197 s).

234 3211 265 3260 L.
279 3218 299 3260 8.
313 3210 346 3262 D.
360 3216 443 3260 ratam
454 3224 514 3261 rem.
528 3206 573 3270 (16,
587 3207 618 3271 8).
698 3203 724 3274 5.
740 3209 796 3260 105.
817 3208 1003 3272 recuperatoris]
1017 3207 1051 3268 cf·
1065 3207 1135 3256 Fest.
1149 3205 1201 3254 lie·

234 3280 368 3342 ciperatia.
392 3277 445 3328 Cic.
467 3277 543 3326 Verr.
557 3285 583 3332 3,
595 3284 629 3330 tt.
649 3275 677 3340 8.
690 3283 723 3328 (19.
753 3278 870 3328 iuteruen
889 3289 982 3340 peregr.
1001 3269 1079 3339 pers]
1099 3272 1134 3335 cs.
1147 3272 1200 3323 Cic.

231 3362 281 3411 pro
294 3346 387 3396 Flacco
399 3353 432 3393 21.
446 3342 475 3407 S.
489 3353 521 3397 5⁰.
545 3345 623 3394 Verr.
637 3343 678 3394 ΙΙ.
693 3352 712 3401 2,
727 3351 757 3392 13.
784 3343 895 3408 quamdin
908 3346 968 3402 etc]
982 3343 1015 3405 cs.
1030 3342 1061 3392 L.
1075 3349 1107 3390 13.
1122 3341 1155 3393 D.
1168 3341 1201 3389 de

233 3415 322 3464 tarsa.
337 3413 367 3475 (2,
382 3410 412 3475 1).
436 3412 467 3460 L.
481 3419 515 3460 49.
528 3410 556 3475 8.
572 3420 590 3463 1.
609 3411 642 3460 Ι).
656 3413 688 3460 de
701 3411 776 3460 indic.
791 3410 826 3472 (5,
842 3411 870 3474 1).
952 3405 995 3478 ἓξ.
1010 3410 1067 3460 106.
1082 3409 1139 3458 107.
1158 3405 1200 3470 Os.

234 3491 253 3539 3,
270 3489 312 3530 ist.
332 3488 350 3537 t,
365 3487 412 3528 121.
424 3487 469 3528 tta.
492 3480 524 3530 L.
540 3487 559 3532 1.
573 3478 602 3532 0.
614 3481 639 3528 si
649 3479 705 3528 ada.
718 3493 771 3526 rem
783 3479 858 3526 iadis.
873 3475 902 3540 (2,
916 3475 962 3542 21).
986 3477 1038 3528 Ota.
1053 3477 1085 3526 de
1098 3482 1165 3528 orat.
1181 3484 1199 3531 1,
