2614 3960
375 206 478 242 aaran.
498 207 557 245 arn.
577 209 643 242 nou.
662 207 755 244 varic.
777 195 833 243 114.
1038 197 1087 248 659

109 343 1086 423 pfflmmmfflmffimmmmmtmmamffimmmmm

114 438 198 509 filiae
215 441 304 492 cauta
320 433 384 489 dote
400 432 530 508 obligatio
543 427 733 507 gigneretur.6
756 433 869 490 Frustra
885 437 996 494 euidens
1012 441 1086 494 male

117 523 351 592 detorquentium
362 525 516 590 paternam
526 518 711 574 restituendae
727 519 798 575 (lotis
812 519 1086 578 uoluntatemastutia
1122 545 1125 554 ·

116 606 254 660 heredum
269 606 310 659 ita
325 607 545 676 interpretatur,
563 607 649 676 quast
662 606 697 662 de
712 603 869 677 speciebus,
886 623 952 679 quas
968 607 1026 662 doti
1039 625 1086 680 pa·

116 697 163 745 ter
179 687 247 744 filias
262 689 371 745 nomine
384 689 591 763 designauerat,
608 705 661 744 sna
671 693 774 761 pratia
796 692 866 762 auid
885 693 925 746 ad
949 708 1086 764 penarum

117 773 205 830 libelli
219 773 366 847 scriptione
382 781 497 848 promat,
515 781 542 828 et
557 772 590 828 de
605 771 786 830 redhibitione
807 776 860 830 sibi
877 772 1019 846 facienda
1036 794 1084 834 ca-

118 865 199 928 nent,
217 861 268 930 qai
282 865 380 914 contra
395 857 465 914 filiae
480 857 572 913 dotem
590 859 700 914 restitui
714 858 812 916 uoluit.
839 857 950 936 Frustra
957 859 1085 916 Maximus

117 961 147 999 u.
166 961 202 1012 c.‚
220 945 286 1000 dam
299 945 379 1015 filiae
395 946 607 1016 stipulationem
622 942 773 1004 desiderat,
795 942 896 1000 Renatc
919 939 1084 1008 submoto‚⁵⁷

118 1029 163 1083 cui
179 1027 229 1082 alos
244 1026 369 1082 Paulinae
384 1032 495 1084 nomine
509 1029 579 1085 data
596 1034 646 1096 est,
663 1028 741 1083 banc
761 1032 802 1083 ita
826 1033 935 1084 tantum
956 1035 1018 1086 eius
1040 1047 1085 1086 re·

118 1111 1086 1186 pfflmmmmmmmmmwmmmmmtfflm

118 1201 222 1270 mitur,
240 1213 316 1270 pune
331 1201 367 1254 sit
381 1198 520 1254 demortui
541 1195 668 1253 uoluntas
683 1197 781 1257 soceri,
798 1198 884 1270 primo
896 1214 946 1270 per
953 1197 1083 1262 libellum,

122 1281 221 1336 dehinc
232 1299 289 1353 per
304 1285 473 1340 relationem
489 1283 625 1338 Renatns.
642 1297 696 1338 nas
717 1281 864 1346 consuluit,
887 1283 1015 1338 auxilium
1036 1300 1084 1338 no-

119 1373 194 1421 strae
210 1367 423 1423 mansuetudinis
444 1369 594 1438 inplorans
615 1383 674 1437 pro
696 1381 805 1427 uxore,
822 1373 854 1422 ut
870 1383 997 1439 praeses
1011 1385 1084 1439 pro·

120 1454 237 1507 ninciue
253 1451 375 1525 undique
391 1469 500 1508 uersum
516 1453 572 1507 eius
589 1449 739 1506 actionibus
755 1449 857 1506 aditum
873 1450 957 1513 daret,
971 1454 1085 1524 quicum

121 1535 1084 1609 mmmfflmmmmmmwwmmmfflwmmu

121 1618 191 1674 dinis
206 1621 273 1682 iure,
289 1622 409 1677 secundo
424 1623 512 1677 soceri
527 1622 630 1677 iudicio
646 1636 709 1676 eam
721 1625 854 1692 priuauit
876 1627 978 1684 contra
1000 1623 1083 1678 bere-

122 1707 185 1776 des,
202 1707 257 1762 bac
282 1707 399 1779 adipisci
424 1704 586 1770 merebatur.
626 1703 795 1779 Quapropter
821 1705 924 1761 Maximi
950 1708 1084 1762 sententia
1128 1704 1129 1707 ’

121 1790 225 1854 dotem.
247 1792 323 1846 cuius
345 1795 473 1863 pretium
496 1808 553 1847 nan
580 1797 693 1862 oportet
714 1792 868 1846 heredibus
886 1794 982 1862 patris
1001 1795 1084 1846 tanta

122 1881 267 1930 extremam
281 1875 391 1931 restitui
404 1876 581 1938 uoluntatem,
598 1876 644 1948 qui
660 1891 717 1930 eam
727 1874 802 1930 reddi
816 1877 897 1947 filiae
912 1869 1083 1930 sune'antea

119 1961 237 2030 pepipit,
253 1958 397 2029 prohiberi
411 1959 520 2033 placuit.
551 1976 601 2015 uec
617 1961 686 2014 enim
702 1958 811 2014 datbium
828 1967 883 2022 est,
902 1958 1024 2014 ellectum
1041 1975 1083 2013 re·

119 2042 273 2098 stitutionis
286 2045 366 2114 filiae
381 2062 400 2098 a
415 2045 529 2100 Renato
551 2059 613 2100 esse
635 2045 815 2106 destinatum,
837 2044 879 2098 cui
900 2043 992 2098 alotcm
1013 2041 1082 2098 tiliae
1166 2099 1167 2102 ,
1194 2035 1196 2040 ’

120 2125 591 2199 nmmmffimmmmd
594 2169 726 2182 ......

128 2202 134 2212 “
182 2207 244 2267 114.
269 2203 400 2266 8Paullus
416 2211 461 2266 lib.
484 2210 548 2265 Vlll.
566 2210 778 2284 Responsorum.
816 2209 919 2282 (Inter)
942 2212 1030 2266 uirum
1054 2208 1175 2289 etffplffl

119 2312 229 2351 uxorem
246 2297 388 2358 conuenit,
408 2313 469 2351 cum
491 2311 534 2350 res
557 2302 584 2350 ct
599 2299 675 2351 inter
696 2311 748 2350 eas
762 2299 910 2366 mancipia
926 2298 1080 2351 aestimata
1096 2294 1165 2332 ⁸5⁸ss

118 2385 147 2436 in
163 2384 254 2437 dotem
270 2379 406 2443 darentur,
423 2388 463 2442 nt,
480 2379 598 2434 diuortio
615 2386 725 2441 secuto,
743 2386 833 2433 utrum
857 2379 939 2435 uellet
961 2379 1058 2435 mulier
1075 2375 1078 2456 Ι
1158 2423 1160 2426 .

119 2465 240 2538 eligeret,
257 2464 302 2520 uel
317 2466 455 2538 mancipia,
472 2463 517 2519 uel
532 2465 753 2519 aestimationem.
791 2462 915 2519 llanente
935 2468 1143 2525 matrinea-ata.
1154 2477 1198 2535 [aa]

119 2552 164 2605 nio
186 2552 327 2622 quaedam
349 2565 388 2606 erc
408 2551 562 2620 mancipiis
582 2555 756 2621 pepererunt.
800 2550 954 2621 quaesitum
976 2558 1032 2611 est,
1059 2551 1081 2604 si
1108 2539 1175 2607 ipe.

120 2633 214 2703 mulier
229 2635 360 2706 mancipia
381 2633 520 2707 elegisset,
537 2651 575 2690 an
586 2637 695 2704 partus
711 2649 823 2706 quoqne
839 2637 901 2689 eius
922 2649 985 2690 esse
1001 2633 1081 2690 debe·

120 2718 197 2773 rent?
232 2717 341 2774 Paullus
367 2717 519 2791 respondit,
541 2719 669 2791 quoniam
690 2717 812 2791 pericula
837 2718 926 2773 mariti
952 2720 1081 2774 uixerunt

118 2806 269 2876 mancipia,
291 2809 397 2874 partus
423 2820 535 2876 potoque
562 2819 600 2864 eac
625 2807 661 2859 iis
682 2806 855 2859 matrimonii
874 2811 998 2873 tempore
1019 2819 1081 2874 per-

119 2895 210 2962 ceptos
227 2887 297 2961 apud
314 2888 401 2943 uirurn'
417 2903 555 2944 remanere
571 2879 704 2943 debere.⁹

118 3083 150 3150 ω)
172 3085 223 3135 Vd.
259 3089 310 3137 solo
332 3087 392 3136 Vnt.
462 3087 483 3152 θ)
506 3087 545 3150 Of.
564 3087 597 3136 L.
617 3095 650 3136 45.
669 3088 702 3137 J).
721 3089 767 3138 sot.
786 3093 859 3137 matr.
880 3082 923 3146 (tt,
941 3084 972 3145 3).
1009 3085 1042 3137 L.
1061 3095 1081 3136 t.

121 3153 146 3202 0.
165 3154 196 3201 de
211 3160 281 3216 part.
300 3169 371 3208 cono.
391 3154 426 3217 (5,
446 3155 489 3217 14).
559 3153 583 3216 ⁷).
599 3157 615 3206 i.
634 3171 656 3206 e.
678 3156 703 3204 si
719 3156 742 3204 is
759 3161 839 3204 nrorte
856 3156 896 3203 uei
912 3154 977 3202 alias
995 3167 1009 3201 e
1027 3169 1080 3200 ma-

118 3222 231 3269 trimonia
249 3221 374 3271 submotus
391 3230 465 3272 esset.
544 3221 565 3286 fl)
585 3222 624 3284 Cf.
644 3225 676 3274 L.
697 3231 727 3274 ts.
746 3222 778 3271 L.
798 3231 831 3270 58.
852 3231 884 3270 59.
904 3219 931 3282 3.
951 3229 971 3269 9.
995 3220 1029 3268 Ι).
1048 3221 1080 3268 de

119 3290 165 3339 aar.
184 3289 236 3336 dor.
258 3287 301 3349 (aa,
319 3287 350 3350 a).
375 3291 407 3339 L.
427 3299 460 3342 co.
480 3289 507 3353 3.
526 3299 547 3340 s.
566 3291 599 3342 J).
619 3293 666 3342 rot.
685 3299 758 3342 nzatr.
779 3288 822 3351 (n,
841 3288 874 3349 a).
896 3289 929 3336 L.
942 3296 966 3335 ts
984 3303 1026 3350 pr.
1045 3287 1082 3355 lt.v

119 3357 148 3404 de
166 3355 214 3418 lep.
234 3363 254 3403 2.
290 3355 410 3405 Lacaenac
428 3359 523 3407 rectius
540 3358 599 3406 mibi
615 3360 704 3408 uideor
722 3374 795 3424 qnam
812 3357 906 3406 Hoetu.
924 3362 949 3404 et
971 3355 1016 3402 alii
1032 3369 1080 3403 en-

116 3425 229 3488 pleuisee.
307 3421 328 3485 ⁹)
348 3422 394 3472 Ere
412 3426 498 3474 eodem
516 3426 607 3475 Paullo
625 3429 739 3491 sequitur
761 3426 833 3474 aliud
848 3437 1012 3487 reepansnm:
1034 3424 1082 3472 sed

7 3509 8 3514 ¹
119 3492 246 3542 dicendum
263 3491 372 3554 uidetur,
387 3494 472 3554 prima
489 3493 567 3542 uerba
580 3507 634 3543 esse
647 3493 790 3545 collectoris
806 3493 844 3542 oet
857 3494 968 3554 collepae
985 3491 1078 3553 potius,

810 3575 877 3634 42*
