2634 3974
428 193 502 228 avan
522 192 627 228 ravani
647 193 725 231 seur.
744 179 769 226 v.
789 180 829 228 25.
1062 179 1112 229 459

144 351 246 394 uumue
262 333 421 396 subiecerit,
432 327 455 367 ¹⁸
478 333 538 390 lalsi
552 350 640 408 poena
655 321 806 391 coercelur.
853 331 881 391 6.
906 328 1112 408 ldmplissimus

143 421 214 476 ordo
230 420 365 482 decreuit,
383 435 427 476 eas
443 418 561 482 tabulas,
583 435 650 491 quae
666 418 765 492 publici
781 418 825 474 uel
840 419 939 490 priuati
955 426 1111 476 contractus

143 507 307 578 scripturam
323 505 472 565 continent,
488 502 612 558 adhibitis
628 502 743 559 testihus
756 504 791 558 ita
803 504 913 576 sIgnari,
926 511 957 558 ut
969 505 996 560 in
1008 521 1112 560 summa

145 589 274 664 marginis
295 586 327 642 ad
348 588 461 644 mediam
483 595 587 660 partem
607 587 759 660 perforatae
781 587 880 660 triplici
901 586 957 643 liuo
976 590 1113 644 constrin-

144 682 258 747 gantur,
278 681 360 745 atque
375 665 565 745 ’impositae²0
578 689 660 746 supra
675 672 759 728 linum
775 688 851 727 cerae
866 674 943 746 sigua
958 673 1113 747 impriman-

145 765 205 818 tur.
233 765 264 812 ut
288 757 432 812 'exteriori
458 758 606 829 scripturae
627 755 706 813 iidem
727 757 841 812 interior
861 749 982 812 seruet.¹
1027 758 1114 813 Aliter

144 841 252 896 tabulae
267 841 387 914 prolatae
402 841 469 896 nihil
484 842 613 896 momenti
628 840 736 897 hahent.

330 921 376 1000 [L.
394 923 443 981 38.
461 925 489 996 S.
507 926 535 982 ss.
560 926 595 981 D.
613 929 647 981 de
659 929 763 997 poenis
778 923 838 997 (48,
856 919 933 1000 19)]

211 1001 255 1065 ²⁷.
278 1002 349 1076 ³Qui
363 1009 420 1064 uiui
435 1016 625 1064 testamentum
641 1011 790 1083 aperuerit,
806 1009 975 1072 recitauerit‚
992 1011 1113 1084 resigna·

7 1097 8 1100 ’
103 1137 105 1143 .
146 1095 230 1156 uerit,
252 1110 340 1166 poena
361 1094 430 1168 legis
445 1093 584 1149 Corneliae
599 1101 722 1149 tenetur:
748 1099 775 1148 et
790 1091 949 1166 plerumque
965 1102 1010 1149 aut
1027 1095 1113 1151 humi·

145 1179 228 1235 liores
243 1180 271 1234 in
287 1178 424 1233 metallum
440 1178 614 1240 damnantur,
636 1185 682 1232 aut
702 1177 873 1233 honestiores
895 1179 922 1233 in
936 1177 1051 1232 insulam
1066 1178 1113 1234 de·

145 1270 300 1338 portantur.
337 1260 366 1318 8.
384 1261 411 1318 Si
428 1264 488 1336 quis
503 1263 728 1318 'instrumentum
743 1255 818 1317 litis⁴
834 1277 899 1316 suae
910 1279 923 1316 a
935 1271 1112 1336 procuratore

146 1364 198 1402 suo
220 1347 263 1402 uel
285 1349 427 1420 cognitore
449 1347 602 1403 aduersario
626 1346 763 1421 proditum
785 1362 846 1401 esse
868 1346 1031 1408 conuicerit‚
1059 1355 1112 1401 tam

147 1438 309 1506 procurator
329 1447 407 1504 quam
428 1433 569 1506 cognitor,
596 1433 619 1486 si
641 1431 797 1486 humiliores
818 1437 897 1494 sunt,
925 1432 952 1486 iu
975 1431 1112 1486 metallum

145 1515 319 1578 damnantur;
345 1518 368 1572 si
394 1517 578 1579 honestiores,
606 1505 728 1589 adempta
754 1515 861 1571 dimidia
881 1522 957 1588 parte
978 1514 1112 1573 bonorum

146 1601 172 1656 in
194 1608 355 1674 perpetuum
379 1601 545 1675 relegantur.
596 1597 625 1656 e.
649 1601 830 1656 Instrumenta
845 1617 929 1673 penes
945 1615 974 1654 se
990 1600 1113 1674 deposita

147 1687 310 1758 quicumque
331 1686 407 1740 alteri
427 1686 513 1741 altero
529 1685 640 1742 absente
655 1685 803 1740 reddiderit
819 1678 864 1740 uel
879 1685 1033 1740 aduersario
1049 1700 1113 1757 pro·

146 1769 258 1833 diderit,
280 1787 331 1845 pro
352 1787 484 1842 personae
500 1771 557 1825 eius
574 1770 734 1825 condicione
750 1777 795 1823 aut
809 1770 836 1823 in
853 1769 989 1823 metallum
1006 1769 1113 1824 damua-

147 1861 192 1907 tur
212 1863 258 1908 aut
279 1856 306 1909 in
325 1853 439 1908 insulam
460 1853 606 1927 relegatur.
666 1849 711 1909 10.
738 1847 806 1919 ⁵Qui
828 1852 901 1906 falsis
917 1852 1112 1913 instrumentis,

147 1939 227 1999 actis,
251 1937 387 2008 epistolis,
409 1939 550 2010 rescriptis
564 1939 651 1993 sciens
667 1936 731 1994 dolo
747 1937 817 1991 malo
835 1952 899 1991 usus
915 1935 1010 1997 luerit,
1026 1951 1114 2008 poena

147 2019 208 2074 falsi
234 2026 388 2082 coercetur:
415 2021 533 2094 ideoque
559 2022 716 2077 humiliores
740 2021 767 2076 in
788 2019 925 2076 metallum
947 2019 1113 2082 damnantur,

147 2104 320 2160 honestiores
344 2106 373 2159 in
397 2091 513 2160 insulam
538 2105 725 2179 deportantur.
783 2101 823 2159 11.
849 2097 919 2169 tout
941 2102 992 2158 sihi
1018 2103 1115 2158 lalsum

147 2204 246 2244 nomen
267 2189 439 2262 imposuerit,
467 2205 553 2262 genus
574 2196 735 2261 parentesue
751 2185 872 2249 tinxerit,
900 2204 954 2262 quo
971 2187 1036 2260 quid
1051 2187 1115 2243 alie·

147 2290 212 2329 nuru
227 2273 429 2345 'interciperet,
446 2267 633 2346 possideret,⁷
649 2288 735 2345 poena
750 2272 819 2345 legis
835 2271 974 2327 Corneliae
989 2271 1023 2326 de
1039 2270 1114 2326 salsis

146 2366 297 2414 coercetur
359 2353 405 2414 12.
443 2351 513 2425 8Qui
542 2356 693 2431 insignibus
724 2356 827 2412 altioris
858 2356 960 2412 ordinis
989 2362 1114 2419 utuntur,

150 2530 192 2570 tus
210 2525 304 2572 emmer
322 2524 490 2574 committitur.
521 2523 552 2573 L.
574 2533 591 2573 t.
611 2521 637 2586 3,
657 2533 679 2574 2.
707 2524 739 2574 L.
758 2531 783 2572 ³6
801 2539 841 2586 pr.
865 2523 899 2572 D.
918 2523 950 2571 de
971 2523 1044 2586 pipo.
1064 2527 1114 2570 act.

149 2590 198 2649 (13,
218 2587 250 2654 t).
278 2591 310 2638 L.
329 2599 350 2642 3.
370 2589 398 2653 S.
417 2600 435 2640 1.
456 2591 489 2639 Ι).
508 2591 615 2640 stultiora.
635 2588 685 2655 (tt,
704 2590 750 2655 tt).
779 2591 818 2640 De
842 2606 905 2640 auro
931 2590 1062 2656 coquendo
1080 2589 1116 2651 cf.

148 2658 214 2706 Ptin.
228 2665 263 2712 33,
276 2665 295 2716 3,
311 2667 342 2711 19,
407 2655 439 2718 ¹⁸)
461 2657 500 2707 Ut·
512 2673 556 2707 aea
575 2673 646 2714 auro,
664 2665 780 2707 stannum
797 2665 903 2722 argento
922 2659 1114 2707 admisceretur.

148 2722 168 2788 ⁹)
190 2725 229 2787 Cf.
248 2723 352 2776 Suetou.
372 2726 435 2775 Ner.
456 2734 487 2775 tt.
575 2723 608 2788 ²⁰)
636 2725 679 2774 Ere
703 2725 822 2774 Salmasit'
843 2727 879 2794 ej:
911 2725 1047 2788 impositum
1067 2722 1117 2787 (uel

147 2791 271 2856 imposito)
291 2793 358 2842 Cdd.
376 2795 436 2844 edd.
470 2791 509 2855 Os.
528 2793 560 2842 L.
579 2803 612 2842 22.
631 2791 657 2856 S.
677 2802 697 2844 a.
715 2795 749 2842 D.
770 2794 813 2857 qut'
830 2798 928 2843 testam.
945 2793 998 2854 fue.
1019 2791 1062 2853 (25,
1082 2791 1115 2852 1).

148 2856 169 2923 ¹)
192 2860 252 2910 Vt'd.
274 2861 399 2912 Zeitsehr.
418 2862 440 2925 f.
456 2861 541 2925 pescle.
555 2861 578 2910 tt
584 2860 627 2910 W.
642 2859 711 2909 XII.
722 2877 749 2924 p,
763 2869 809 2909 200.
838 2861 966 2910 exteriores
985 2859 1117 2922 scriptupae

148 2929 219 2978 iidem
238 2931 344 2980 interiori
363 2937 458 2978 seruent
479 2930 539 2978 edd.
610 2926 631 2990 ²)
650 2925 699 2991 88.
713 2937 779 2976 7-9.
798 2933 889 2976 extant
907 2928 981 2976 etiam
996 2928 1024 2974 iu
1036 2927 1068 2975 L.
1082 2934 1116 2976 38.

149 2993 640 3060 88.7—9.D.depeeaie(ts,1t).
718 2993 739 3058 3)
759 2994 800 3057 Cf.
819 2996 853 3045 L.
874 3003 892 3043 t.
911 2991 938 3058 3.
959 3005 980 3044 5.
999 2995 1032 3046 D.
1052 2995 1076 3044 d.
1098 3000 1115 3042 t.

148 3061 170 3125 ⁴)
190 3062 236 3112 Ex
256 3065 315 3128 Dip.
346 3067 501 3114 instrumenta
525 3065 634 3114 utilitatis
653 3062 694 3125 (et
714 3069 808 3127 postea
830 3060 939 3128 prodita)
964 3061 1029 3112 Cdd.
1047 3064 1117 3122 edd„

148 3131 270 3194 quodue
287 3134 442 3182 instrumenta
460 3148 484 3181 m
501 3133 550 3182 litis
567 3133 697 3195 prodiisse
714 3132 822 3182 uidetur.
894 3128 916 3195 ⁵)
936 3129 976 3193 Cf.
996 3131 1029 3179 L.
1048 3139 1068 3180 a.
1088 3127 1116 3180 0.

148 3195 172 3244 Ιι.
192 3203 210 3248 t.
230 3195 267 3257 (e,
286 3197 330 3260 22).
359 3201 391 3252 L.
409 3210 429 3252 2.
449 3200 478 3253 0.
497 3201 529 3249 de
544 3201 597 3262 fide
616 3201 690 3250 imtr.
710 3197 747 3262 (a,
766 3197 812 3261 ar).
851 3227 872 3248 1.
892 3207 911 3246 t.
931 3197 959 3248 O.
977 3199 1077 3248 circus
1094 3213 1118 3247 v.

149 3278 235 3316 actua.
254 3265 284 3326 (a,
301 3265 336 3329 o).
361 3268 479 3320 Ambroe.
494 3269 526 3316 de
539 3268 608 3330 offic.
621 3277 641 3326 3,
654 3277 674 3318 2.
744 3264 766 3330 ⁶)
785 3266 827 3329 Cf.
847 3267 878 3315 L.
898 3283 940 3314 uu.
962 3265 988 3314 0.
1008 3265 1117 3312 demut.

148 3346 212 3383 noua.
228 3329 259 3393 (9,
272 3332 317 3396 25).
336 3334 369 3386 L.
384 3343 409 3384 1³
418 3351 463 3399 pr.
476 3336 508 3385 D.
522 3335 546 3384 lt.
560 3342 579 3384 t.
601 3335 691 3388 Valer.
705 3333 780 3386 Mam.
794 3343 813 3393 t,
827 3343 858 3383 15.
873 3331 900 3398 8.
914 3342 934 3381 a.
1004 3330 1025 3392 ⁷)
1044 3331 1118 3379 iuter-

148 3400 247 3463 coperit,
265 3401 398 3464 possederit
415 3402 479 3456 dud.
501 3402 559 3467 (aed
575 3400 716 3466 vementes)
735 3403 794 3451 edd.
865 3399 885 3464 θ)
905 3400 936 3451 L.
951 3407 985 3448 27.
1005 3395 1031 3460 §-
1044 3407 1064 3446 2.
1082 3399 1116 3447 D.

147 3466 174 3518 Ιι.
194 3473 211 3516 t.
234 3467 267 3517 L.
281 3476 300 3517 3,
320 3467 353 3518 D.
373 3471 410 3518 ad
426 3471 474 3538 lep.
486 3469 536 3522 Iul.
554 3471 612 3522 mai.
633 3467 676 3533 (tu,
694 3469 727 3534 t).
746 3469 850 3534 Apulei.
863 3467 952 3518 rtortt.
968 3475 986 3515 t.
1009 3464 1117 3515 Tertull.
