<?xml version="1.0" encoding="UTF-8"?>
<!DOCTYPE html PUBLIC "-//W3C//DTD XHTML 1.0 Transitional//EN"
    "http://www.w3.org/TR/xhtml1/DTD/xhtml1-transitional.dtd">
<html xmlns="http://www.w3.org/1999/xhtml" xml:lang="en" lang="en">
 <head>
  <title>
</title>
<meta http-equiv="Content-Type" content="text/html;charset=utf-8" />
  <meta name='ocr-system' content='tesseract 3.04.00' />
  <meta name='ocr-capabilities' content='ocr_page ocr_carea ocr_par ocr_line ocrx_word'/>
</head>
<body>
  <div class='ocr_page' id='page_1' title='image "./ivrisprvdentiae01huscgoog_0576.png"; bbox 0 0 2634 3960; ppageno 0'>
   <div class='ocr_carea' id='block_1_1' title="bbox 199 155 956 208">
    <p class='ocr_par' dir='ltr' id='par_1_1' title="bbox 199 155 956 208">
     <span class='ocr_line' id='line_1_1' title="bbox 199 155 956 208; baseline 0 -5"><span class='ocrx_word' id='word_1_1' title='bbox 199 155 249 203; x_wconf 79' lang='lat'>556</span> <span class='ocrx_word' id='word_1_2' title='bbox 403 166 468 201; x_wconf 86' lang='lat' dir='ltr'>nos.</span> <span class='ocrx_word' id='word_1_3' title='bbox 488 167 523 200; x_wconf 80' lang='lat' dir='ltr'>un</span> <span class='ocrx_word' id='word_1_4' title='bbox 543 167 610 202; x_wconf 82' lang='lat' dir='ltr'>uon.</span> <span class='ocrx_word' id='word_1_5' title='bbox 630 167 726 202; x_wconf 74' lang='lat' dir='ltr'>naevia</span> <span class='ocrx_word' id='word_1_6' title='bbox 745 167 863 204; x_wconf 70' lang='lat' dir='ltr'>aornar.</span> <span class='ocrx_word' id='word_1_7' title='bbox 883 155 912 208; x_wconf 83' lang='lat' dir='ltr'>ii.</span> <span class='ocrx_word' id='word_1_8' title='bbox 933 155 956 203; x_wconf 87' lang='lat'>6.</span> 
     </span>
    </p>
   </div>
   <div class='ocr_carea' id='block_1_2' title="bbox 202 301 1255 380">
    <p class='ocr_par' dir='ltr' id='par_1_2' title="bbox 202 301 1255 380">
     <span class='ocr_line' id='line_1_2' title="bbox 202 301 1255 380; baseline 0.004 -17"><span class='ocrx_word' id='word_1_9' title='bbox 202 309 291 364; x_wconf 88' lang='lat' dir='ltr'>honos</span> <span class='ocrx_word' id='word_1_10' title='bbox 308 325 398 365; x_wconf 86' lang='lat' dir='ltr'>mores</span> <span class='ocrx_word' id='word_1_11' title='bbox 414 307 445 363; x_wconf 87' lang='lat' dir='ltr'>fit</span> <span class='ocrx_word' id='word_1_12' title='bbox 461 308 500 364; x_wconf 89' lang='lat' dir='ltr'>’id</span> <span class='ocrx_word' id='word_1_13' title='bbox 517 301 623 380; x_wconf 73' lang='lat' dir='ltr'>quod²4</span> <span class='ocrx_word' id='word_1_14' title='bbox 639 325 694 363; x_wconf 91' lang='lat' dir='ltr'>non</span> <span class='ocrx_word' id='word_1_15' title='bbox 710 307 768 364; x_wconf 89' lang='lat' dir='ltr'>fieri</span> <span class='ocrx_word' id='word_1_16' title='bbox 783 309 895 364; x_wconf 84' lang='lat' dir='ltr'>alieuius</span> <span class='ocrx_word' id='word_1_17' title='bbox 911 311 1035 365; x_wconf 88' lang='lat' dir='ltr'>interest.</span> <span class='ocrx_word' id='word_1_18' title='bbox 1063 305 1091 366; x_wconf 84' lang='lat'>3.</span> <span class='ocrx_word' id='word_1_19' title='bbox 1109 311 1171 368; x_wconf 90' lang='lat' dir='ltr'>Hoe</span> <span class='ocrx_word' id='word_1_20' title='bbox 1247 306 1255 319; x_wconf 84' lang='lat'>&#39;</span> 
     </span>
    </p>
   </div>
   <div class='ocr_carea' id='block_1_3' title="bbox 151 393 1169 1731">
    <p class='ocr_par' dir='ltr' id='par_1_3' title="bbox 151 393 1169 1140">
     <span class='ocr_line' id='line_1_3' title="bbox 204 393 1169 466; baseline 0.003 -18"><span class='ocrx_word' id='word_1_21' title='bbox 204 393 324 448; x_wconf 86' lang='lat' dir='ltr'>edietum</span> <span class='ocrx_word' id='word_1_22' title='bbox 340 393 372 446; x_wconf 90' lang='lat' dir='ltr'>ad</span> <span class='ocrx_word' id='word_1_23' title='bbox 390 409 447 448; x_wconf 88' lang='lat' dir='ltr'>eam</span> <span class='ocrx_word' id='word_1_24' title='bbox 462 394 586 448; x_wconf 87' lang='lat' dir='ltr'>iniuriam</span> <span class='ocrx_word' id='word_1_25' title='bbox 601 394 735 465; x_wconf 79' lang='lat' dir='ltr'>pertinet,</span> <span class='ocrx_word' id='word_1_26' title='bbox 753 410 821 466; x_wconf 90' lang='lat' dir='ltr'>quae</span> <span class='ocrx_word' id='word_1_27' title='bbox 831 395 1016 450; x_wconf 80' lang='lat' dir='ltr'>&#39;contumeliae</span> <span class='ocrx_word' id='word_1_28' title='bbox 1032 411 1111 450; x_wconf 87' lang='lat' dir='ltr'>eausa</span> <span class='ocrx_word' id='word_1_29' title='bbox 1127 395 1169 451; x_wconf 81' lang='lat' dir='ltr'>tit.</span> 
     </span>
     <span class='ocr_line' id='line_1_4' title="bbox 201 473 1169 550; baseline 0.002 -18"><span class='ocrx_word' id='word_1_30' title='bbox 201 473 230 532; x_wconf 88' lang='lat'>4.</span> <span class='ocrx_word' id='word_1_31' title='bbox 249 476 291 532; x_wconf 83' lang='lat' dir='ltr'>ru</span> <span class='ocrx_word' id='word_1_32' title='bbox 307 483 396 532; x_wconf 87' lang='lat' dir='ltr'>autern</span> <span class='ocrx_word' id='word_1_33' title='bbox 413 478 509 532; x_wconf 88' lang='lat' dir='ltr'>iniuria</span> <span class='ocrx_word' id='word_1_34' title='bbox 530 477 575 532; x_wconf 91' lang='lat' dir='ltr'>uel</span> <span class='ocrx_word' id='word_1_35' title='bbox 597 478 625 530; x_wconf 92' lang='lat' dir='ltr'>in</span> <span class='ocrx_word' id='word_1_36' title='bbox 649 494 778 550; x_wconf 79' lang='lat' dir='ltr'>corpore,</span> <span class='ocrx_word' id='word_1_37' title='bbox 796 477 858 532; x_wconf 84' lang='lat' dir='ltr'>dum</span> <span class='ocrx_word' id='word_1_38' title='bbox 872 477 1019 540; x_wconf 80' lang='lat' dir='ltr'>caedimur,</span> <span class='ocrx_word' id='word_1_39' title='bbox 1050 480 1095 535; x_wconf 85' lang='lat' dir='ltr'>uei</span> <span class='ocrx_word' id='word_1_40' title='bbox 1125 481 1169 534; x_wconf 88' lang='lat' dir='ltr'>&#39;in</span> 
     </span>
     <span class='ocr_line' id='line_1_5' title="bbox 200 555 1167 636; baseline 0.003 -20"><span class='ocrx_word' id='word_1_41' title='bbox 200 555 346 624; x_wconf 80' lang='lat' dir='ltr'>auribus‚⁶</span> <span class='ocrx_word' id='word_1_42' title='bbox 373 561 436 616; x_wconf 86' lang='lat' dir='ltr'>dum</span> <span class='ocrx_word' id='word_1_43' title='bbox 454 563 602 618; x_wconf 80' lang='lat' dir='ltr'>conuitium</span> <span class='ocrx_word' id='word_1_44' title='bbox 618 563 748 634; x_wconf 89' lang='lat' dir='ltr'>patimur,</span> <span class='ocrx_word' id='word_1_45' title='bbox 765 562 809 617; x_wconf 88' lang='lat' dir='ltr'>uel</span> <span class='ocrx_word' id='word_1_46' title='bbox 825 579 886 617; x_wconf 87' lang='lat' dir='ltr'>eum</span> <span class='ocrx_word' id='word_1_47' title='bbox 907 563 1029 636; x_wconf 79' lang='lat' dir='ltr'>dignitas</span> <span class='ocrx_word' id='word_1_48' title='bbox 1041 564 1167 627; x_wconf 88' lang='lat' dir='ltr'>laeditur,</span> 
     </span>
     <span class='ocr_line' id='line_1_6' title="bbox 200 639 1166 718; baseline 0.004 -18"><span class='ocrx_word' id='word_1_49' title='bbox 200 654 231 700; x_wconf 91' lang='lat' dir='ltr'>ut</span> <span class='ocrx_word' id='word_1_50' title='bbox 252 663 313 701; x_wconf 88' lang='lat' dir='ltr'>eum</span> <span class='ocrx_word' id='word_1_51' title='bbox 341 653 481 701; x_wconf 90' lang='lat' dir='ltr'>matronae</span> <span class='ocrx_word' id='word_1_52' title='bbox 502 646 547 700; x_wconf 91' lang='lat' dir='ltr'>uel</span> <span class='ocrx_word' id='word_1_53' title='bbox 569 639 772 718; x_wconf 80' lang='lat' dir='ltr'>’praetextato⁶</span> <span class='ocrx_word' id='word_1_54' title='bbox 792 649 904 702; x_wconf 82' lang='lat' dir='ltr'>comites</span> <span class='ocrx_word' id='word_1_55' title='bbox 926 646 1104 703; x_wconf 84' lang='lat' dir='ltr'>abducuntur.</span> <span class='ocrx_word' id='word_1_56' title='bbox 1136 645 1166 704; x_wconf 81' lang='lat'>5.</span> 
     </span>
     <span class='ocr_line' id='line_1_7' title="bbox 198 730 1167 806; baseline 0.004 -22"><span class='ocrx_word' id='word_1_57' title='bbox 198 730 356 785; x_wconf 82' lang='lat' dir='ltr'>Iniuriarum</span> <span class='ocrx_word' id='word_1_58' title='bbox 373 732 443 786; x_wconf 89' lang='lat' dir='ltr'>aetio</span> <span class='ocrx_word' id='word_1_59' title='bbox 460 738 506 785; x_wconf 92' lang='lat' dir='ltr'>aut</span> <span class='ocrx_word' id='word_1_60' title='bbox 522 730 641 802; x_wconf 80' lang='lat' dir='ltr'>legitima</span> <span class='ocrx_word' id='word_1_61' title='bbox 658 739 708 792; x_wconf 87' lang='lat' dir='ltr'>est,</span> <span class='ocrx_word' id='word_1_62' title='bbox 730 738 777 786; x_wconf 87' lang='lat' dir='ltr'>aut</span> <span class='ocrx_word' id='word_1_63' title='bbox 791 731 943 786; x_wconf 87' lang='lat' dir='ltr'>honoraria.</span> <span class='ocrx_word' id='word_1_64' title='bbox 980 731 1112 806; x_wconf 78' lang='lat' dir='ltr'>Legitima</span> <span class='ocrx_word' id='word_1_65' title='bbox 1125 751 1167 789; x_wconf 82' lang='lat' dir='ltr'>ex</span> 
     </span>
     <span class='ocr_line' id='line_1_8' title="bbox 199 810 1167 890; baseline 0.003 -21"><span class='ocrx_word' id='word_1_66' title='bbox 199 815 260 888; x_wconf 86' lang='lat' dir='ltr'>lege</span> <span class='ocrx_word' id='word_1_67' title='bbox 277 814 420 869; x_wconf 82' lang='lat' dir='ltr'>duodecim</span> <span class='ocrx_word' id='word_1_68' title='bbox 437 813 602 870; x_wconf 90' lang='lat' dir='ltr'>tabularum:</span> <span class='ocrx_word' id='word_1_69' title='bbox 624 811 692 882; x_wconf 76' lang='lat' dir='ltr'>‘Qui</span> <span class='ocrx_word' id='word_1_70' title='bbox 708 817 832 870; x_wconf 90' lang='lat' dir='ltr'>iniuriam</span> <span class='ocrx_word' id='word_1_71' title='bbox 853 816 931 871; x_wconf 89' lang='lat' dir='ltr'>alteri</span> <span class='ocrx_word' id='word_1_72' title='bbox 953 810 1066 878; x_wconf 82' lang='lat' dir='ltr'>’iaxit‚⁷</span> <span class='ocrx_word' id='word_1_73' title='bbox 1088 819 1167 890; x_wconf 90' lang='lat' dir='ltr'>quiu-</span> 
     </span>
     <span class='ocr_line' id='line_1_9' title="bbox 199 876 1166 980; baseline 0.002 -26"><span class='ocrx_word' id='word_1_74' title='bbox 199 916 252 972; x_wconf 87' lang='lat' dir='ltr'>que</span> <span class='ocrx_word' id='word_1_75' title='bbox 274 905 301 953; x_wconf 86' lang='lat' dir='ltr'>et</span> <span class='ocrx_word' id='word_1_76' title='bbox 323 891 442 972; x_wconf 71' lang='lat' dir='ltr'>uiginti8</span> <span class='ocrx_word' id='word_1_77' title='bbox 464 899 567 970; x_wconf 83' lang='lat' dir='ltr'>&#39;poena</span> <span class='ocrx_word' id='word_1_78' title='bbox 588 893 720 954; x_wconf 60' lang='lat' dir='ltr'>suntu&#39;t</span> <span class='ocrx_word' id='word_1_79' title='bbox 770 899 847 980; x_wconf 70' lang='lat' dir='ltr'>Quae</span> <span class='ocrx_word' id='word_1_80' title='bbox 868 900 911 954; x_wconf 75' lang='lat' dir='ltr'>lex</span> <span class='ocrx_word' id='word_1_81' title='bbox 938 876 1073 974; x_wconf 63' lang='lat' dir='ltr'>gofferaiis</span> <span class='ocrx_word' id='word_1_82' title='bbox 1099 902 1166 964; x_wconf 85' lang='lat' dir='ltr'>fuit;</span> 
     </span>
     <span class='ocr_line' id='line_1_10' title="bbox 151 977 1167 1059; baseline 0.006 -23"><span class='ocrx_word' id='word_1_83' title='bbox 151 1010 155 1016; x_wconf 85' lang='lat'><strong>·</strong></span> <span class='ocrx_word' id='word_1_84' title='bbox 197 982 310 1042; x_wconf 85' lang='lat' dir='ltr'>suerunt</span> <span class='ocrx_word' id='word_1_85' title='bbox 331 991 358 1038; x_wconf 88' lang='lat' dir='ltr'>et</span> <span class='ocrx_word' id='word_1_86' title='bbox 378 983 524 1056; x_wconf 76' lang='lat' dir='ltr'>specialeS,</span> <span class='ocrx_word' id='word_1_87' title='bbox 544 984 621 1038; x_wconf 83' lang='lat' dir='ltr'>uelut</span> <span class='ocrx_word' id='word_1_88' title='bbox 641 983 702 1038; x_wconf 84' lang='lat' dir='ltr'>illa:</span> <span class='ocrx_word' id='word_1_89' title='bbox 732 981 838 1047; x_wconf 72' lang='lat' dir='ltr'>‘Manu</span> <span class='ocrx_word' id='word_1_90' title='bbox 861 984 926 1040; x_wconf 78' lang='lat' dir='ltr'>susti</span> <span class='ocrx_word' id='word_1_91' title='bbox 948 986 971 1039; x_wconf 90' lang='lat' dir='ltr'>si</span> <span class='ocrx_word' id='word_1_92' title='bbox 992 977 1057 1040; x_wconf 81' lang='lat' dir='ltr'>os³⁰</span> <span class='ocrx_word' id='word_1_93' title='bbox 1073 985 1167 1059; x_wconf 82' lang='lat' dir='ltr'>tregit,</span> 
     </span>
     <span class='ocr_line' id='line_1_11' title="bbox 198 1061 861 1140; baseline 0.006 -20"><span class='ocrx_word' id='word_1_94' title='bbox 198 1065 283 1122; x_wconf 89' lang='lat' dir='ltr'>libero</span> <span class='ocrx_word' id='word_1_95' title='bbox 302 1061 401 1130; x_wconf 84' lang='lat' dir='ltr'>’eea,¹</span> <span class='ocrx_word' id='word_1_96' title='bbox 419 1061 541 1123; x_wconf 81' lang='lat' dir='ltr'>&#39;seruo2</span> <span class='ocrx_word' id='word_1_97' title='bbox 557 1083 595 1123; x_wconf 79' lang='lat' dir='ltr'>on</span> <span class='ocrx_word' id='word_1_98' title='bbox 612 1069 715 1140; x_wconf 89' lang='lat' dir='ltr'>’poena</span> <span class='ocrx_word' id='word_1_99' title='bbox 730 1061 861 1124; x_wconf 78' lang='lat' dir='ltr'>sunto’3</span> 
     </span>
    </p>

    <p class='ocr_par' dir='ltr' id='par_1_4' title="bbox 197 1143 1166 1731">
     <span class='ocr_line' id='line_1_12' title="bbox 261 1143 1166 1228; baseline 0.003 -23"><span class='ocrx_word' id='word_1_100' title='bbox 261 1149 328 1225; x_wconf 86' lang='lat' dir='ltr'>Kap.</span> <span class='ocrx_word' id='word_1_101' title='bbox 349 1152 392 1206; x_wconf 92' lang='lat' dir='ltr'>Vl.</span> <span class='ocrx_word' id='word_1_102' title='bbox 423 1152 512 1207; x_wconf 87' lang='lat' dir='ltr'>idem</span> <span class='ocrx_word' id='word_1_103' title='bbox 537 1143 665 1206; x_wconf 81' lang='lat' dir='ltr'>Paulus</span> <span class='ocrx_word' id='word_1_104' title='bbox 694 1152 925 1208; x_wconf 74' lang='lat' dir='ltr'>eodem‘libru</span> <span class='ocrx_word' id='word_1_105' title='bbox 956 1147 1166 1228; x_wconf 53' lang='lat' dir='ltr'>singulum</span> 
     </span>
     <span class='ocr_line' id='line_1_13' title="bbox 198 1235 1164 1312; baseline 0.004 -22"><span class='ocrx_word' id='word_1_106' title='bbox 198 1235 259 1290; x_wconf 89' lang='lat' dir='ltr'>suh</span> <span class='ocrx_word' id='word_1_107' title='bbox 303 1237 411 1291; x_wconf 86' lang='lat' dir='ltr'>titulo</span> <span class='ocrx_word' id='word_1_108' title='bbox 455 1236 736 1309; x_wconf 83' lang='lat' dir='ltr'>quemadmodum</span> <span class='ocrx_word' id='word_1_109' title='bbox 777 1238 986 1292; x_wconf 88' lang='lat' dir='ltr'>iniuriarum</span> <span class='ocrx_word' id='word_1_110' title='bbox 1029 1245 1164 1312; x_wconf 79' lang='lat' dir='ltr'>agatur.</span> 
     </span>
     <span class='ocr_line' id='line_1_14' title="bbox 197 1315 1166 1396; baseline 0.001 -19"><span class='ocrx_word' id='word_1_111' title='bbox 197 1318 222 1377; x_wconf 88' lang='grc'>1.</span> <span class='ocrx_word' id='word_1_112' title='bbox 254 1315 322 1386; x_wconf 74' lang='lat' dir='ltr'>‘um</span> <span class='ocrx_word' id='word_1_113' title='bbox 337 1328 427 1376; x_wconf 89' lang='lat' dir='ltr'>autem</span> <span class='ocrx_word' id='word_1_114' title='bbox 442 1321 609 1383; x_wconf 90' lang='lat' dir='ltr'>iniuriarum,</span> <span class='ocrx_word' id='word_1_115' title='bbox 619 1323 628 1348; x_wconf 79' lang='lat'>²</span> <span class='ocrx_word' id='word_1_116' title='bbox 640 1315 757 1393; x_wconf 73' lang='lat' dir='ltr'>inquit‚⁵</span> <span class='ocrx_word' id='word_1_117' title='bbox 774 1322 857 1394; x_wconf 70' lang='lat' dir='ltr'>‘agit</span> <span class='ocrx_word' id='word_1_118' title='bbox 874 1329 978 1376; x_wconf 89' lang='lat' dir='ltr'>eertum</span> <span class='ocrx_word' id='word_1_119' title='bbox 992 1321 1076 1384; x_wconf 85' lang='lat' dir='ltr'>dieat.</span> <span class='ocrx_word' id='word_1_120' title='bbox 1100 1323 1166 1396; x_wconf 88' lang='lat' dir='ltr'>quid</span> 
     </span>
     <span class='ocr_line' id='line_1_15' title="bbox 198 1401 1166 1480; baseline 0.003 -21"><span class='ocrx_word' id='word_1_121' title='bbox 198 1406 311 1460; x_wconf 89' lang='lat' dir='ltr'>iniuriae</span> <span class='ocrx_word' id='word_1_122' title='bbox 326 1404 427 1459; x_wconf 82' lang='lat' dir='ltr'>iactum</span> <span class='ocrx_word' id='word_1_123' title='bbox 443 1406 488 1468; x_wconf 86' lang='lat' dir='ltr'>sit,</span> <span class='ocrx_word' id='word_1_124' title='bbox 505 1413 531 1460; x_wconf 86' lang='lat' dir='ltr'>et</span> <span class='ocrx_word' id='word_1_125' title='bbox 547 1408 710 1461; x_wconf 82' lang='lat' dir='ltr'>taxationem</span> <span class='ocrx_word' id='word_1_126' title='bbox 725 1414 809 1478; x_wconf 88' lang='lat' dir='ltr'>ponat</span> <span class='ocrx_word' id='word_1_127' title='bbox 824 1423 880 1461; x_wconf 91' lang='lat' dir='ltr'>non</span> <span class='ocrx_word' id='word_1_128' title='bbox 896 1401 1068 1468; x_wconf 79' lang='lat' dir='ltr'>’maioremss</span> <span class='ocrx_word' id='word_1_129' title='bbox 1084 1424 1166 1480; x_wconf 86' lang='lat' dir='ltr'>quarn</span> 
     </span>
     <span class='ocr_line' id='line_1_16' title="bbox 199 1486 1166 1563; baseline 0.006 -21"><span class='ocrx_word' id='word_1_130' title='bbox 199 1490 294 1561; x_wconf 90' lang='lat' dir='ltr'>quanti</span> <span class='ocrx_word' id='word_1_131' title='bbox 311 1488 491 1544; x_wconf 83' lang='lat' dir='ltr'>uadimonium</span> <span class='ocrx_word' id='word_1_132' title='bbox 507 1489 616 1545; x_wconf 87' lang='lat' dir='ltr'>suerit.’</span> <span class='ocrx_word' id='word_1_133' title='bbox 648 1486 676 1547; x_wconf 82' lang='lat'>2.</span> <span class='ocrx_word' id='word_1_134' title='bbox 708 1488 817 1545; x_wconf 83' lang='lat' dir='ltr'>Certum</span> <span class='ocrx_word' id='word_1_135' title='bbox 833 1491 910 1551; x_wconf 83' lang='lat' dir='ltr'>dicit,</span> <span class='ocrx_word' id='word_1_136' title='bbox 928 1493 1038 1563; x_wconf 87' lang='lat' dir='ltr'>quisue</span> <span class='ocrx_word' id='word_1_137' title='bbox 1054 1495 1166 1548; x_wconf 91' lang='lat' dir='ltr'>nomine</span> 
     </span>
     <span class='ocr_line' id='line_1_17' title="bbox 198 1571 1165 1647; baseline 0.004 -21"><span class='ocrx_word' id='word_1_138' title='bbox 198 1571 367 1627; x_wconf 87' lang='lat' dir='ltr'>demonstrat</span> <span class='ocrx_word' id='word_1_139' title='bbox 381 1573 515 1635; x_wconf 90' lang='lat' dir='ltr'>iniuriam,</span> <span class='ocrx_word' id='word_1_140' title='bbox 531 1591 621 1647; x_wconf 85' lang='lat' dir='ltr'>neque</span> <span class='ocrx_word' id='word_1_141' title='bbox 637 1575 674 1628; x_wconf 88' lang='lat' dir='ltr'>ita</span> <span class='ocrx_word' id='word_1_142' title='bbox 697 1582 727 1628; x_wconf 91' lang='lat' dir='ltr'>ut</span> <span class='ocrx_word' id='word_1_143' title='bbox 747 1591 797 1647; x_wconf 92' lang='lat' dir='ltr'>per</span> <span class='ocrx_word' id='word_1_144' title='bbox 814 1575 1023 1630; x_wconf 84' lang='lat' dir='ltr'>disiunctionem</span> <span class='ocrx_word' id='word_1_145' title='bbox 1044 1577 1096 1630; x_wconf 88' lang='lat' dir='ltr'>hoe</span> <span class='ocrx_word' id='word_1_146' title='bbox 1118 1585 1165 1634; x_wconf 83' lang='lat' dir='ltr'>aut</span> 
     </span>
     <span class='ocr_line' id='line_1_18' title="bbox 197 1655 1166 1731; baseline 0.006 -22"><span class='ocrx_word' id='word_1_147' title='bbox 197 1655 265 1711; x_wconf 90' lang='lat' dir='ltr'>illud</span> <span class='ocrx_word' id='word_1_148' title='bbox 292 1657 420 1712; x_wconf 81' lang='lat' dir='ltr'>accidisse</span> <span class='ocrx_word' id='word_1_149' title='bbox 452 1657 668 1731; x_wconf 62' lang='lat' dir='ltr'>conprehendam</span> <span class='ocrx_word' id='word_1_150' title='bbox 697 1658 744 1713; x_wconf 87' lang='lat' dir='ltr'>sed</span> <span class='ocrx_word' id='word_1_151' title='bbox 777 1667 808 1713; x_wconf 91' lang='lat' dir='ltr'>ut</span> <span class='ocrx_word' id='word_1_152' title='bbox 838 1676 950 1714; x_wconf 87' lang='lat' dir='ltr'>neeesse</span> <span class='ocrx_word' id='word_1_153' title='bbox 982 1659 1090 1722; x_wconf 88' lang='lat' dir='ltr'>haheat,</span> <span class='ocrx_word' id='word_1_154' title='bbox 1119 1669 1166 1716; x_wconf 88' lang='lat' dir='ltr'>aut</span> 
     </span>
    </p>
   </div>
   <div class='ocr_carea' id='block_1_4' title="bbox 197 1764 400 1779">
    <p class='ocr_par' dir='ltr' id='par_1_5' title="bbox 197 1764 400 1779">
     <span class='ocr_line' id='line_1_19' title="bbox 197 1764 400 1779; baseline 0 -1"><span class='ocrx_word' id='word_1_155' title='bbox 197 1764 400 1779; x_wconf 49' lang='grc' dir='ltr'>ψ...-</span> 
     </span>
    </p>
   </div>
   <div class='ocr_carea' id='block_1_5' title="bbox 190 1801 1189 3510">
    <p class='ocr_par' dir='ltr' id='par_1_6' title="bbox 190 1801 1189 3510">
     <span class='ocr_line' id='line_1_20' title="bbox 198 1801 1165 1888; baseline 0.008 -20"><span class='ocrx_word' id='word_1_156' title='bbox 198 1830 295 1886; x_wconf 86' lang='lat' dir='ltr'>apparet</span> <span class='ocrx_word' id='word_1_157' title='bbox 311 1830 446 1884; x_wconf 76' lang='lat' dir='ltr'>posuerat,</span> <span class='ocrx_word' id='word_1_158' title='bbox 465 1825 513 1870; x_wconf 84' lang='lat' dir='ltr'>iam</span> <span class='ocrx_word' id='word_1_159' title='bbox 531 1801 591 1871; x_wconf 68' lang='lat' dir='ltr'>aute</span> <span class='ocrx_word' id='word_1_160' title='bbox 610 1823 738 1872; x_wconf 85' lang='lat' dir='ltr'>Commune</span> <span class='ocrx_word' id='word_1_161' title='bbox 756 1825 883 1874; x_wconf 74' lang='lat' dir='ltr'>transtuli.</span> <span class='ocrx_word' id='word_1_162' title='bbox 959 1821 992 1886; x_wconf 70' lang='grc'>24)</span> <span class='ocrx_word' id='word_1_163' title='bbox 1012 1825 1082 1888; x_wconf 84' lang='lat' dir='ltr'>idque</span> <span class='ocrx_word' id='word_1_164' title='bbox 1099 1825 1165 1876; x_wconf 78' lang='lat' dir='ltr'>aad.</span> 
     </span>
     <span class='ocr_line' id='line_1_21' title="bbox 197 1889 1189 1954; baseline 0.004 -16"><span class='ocrx_word' id='word_1_165' title='bbox 197 1891 255 1940; x_wconf 87' lang='lat' dir='ltr'>edd.</span> <span class='ocrx_word' id='word_1_166' title='bbox 284 1905 328 1953; x_wconf 92' lang='lat' dir='ltr'>que</span> <span class='ocrx_word' id='word_1_167' title='bbox 347 1905 382 1938; x_wconf 76' lang='lat' dir='ltr'>eae</span> <span class='ocrx_word' id='word_1_168' title='bbox 398 1892 462 1953; x_wconf 73' lang='lat' dir='ltr'>stylo</span> <span class='ocrx_word' id='word_1_169' title='bbox 481 1905 503 1952; x_wconf 90' lang='lat' dir='ltr'>q.</span> <span class='ocrx_word' id='word_1_170' title='bbox 521 1889 626 1951; x_wconf 79' lang='lat' dir='ltr'>saetam,</span> <span class='ocrx_word' id='word_1_171' title='bbox 661 1889 705 1939; x_wconf 82' lang='lat' dir='ltr'>Sia</span> <span class='ocrx_word' id='word_1_172' title='bbox 723 1906 815 1940; x_wconf 81' lang='lat' dir='ltr'>carere</span> <span class='ocrx_word' id='word_1_173' title='bbox 830 1906 964 1954; x_wconf 80' lang='lat' dir='ltr'>possumus</span> <span class='ocrx_word' id='word_1_174' title='bbox 980 1892 1101 1942; x_wconf 79' lang='lat' dir='ltr'>uocabulo</span> <span class='ocrx_word' id='word_1_175' title='bbox 1119 1895 1164 1942; x_wconf 91' lang='lat' dir='ltr'>ali·</span> <span class='ocrx_word' id='word_1_176' title='bbox 1185 1928 1189 1937; x_wconf 84' lang='lat'>.</span> 
     </span>
     <span class='ocr_line' id='line_1_22' title="bbox 197 1956 1165 2024; baseline 0.004 -20"><span class='ocrx_word' id='word_1_177' title='bbox 197 1958 266 2019; x_wconf 88' lang='lat' dir='ltr'>qnid,</span> <span class='ocrx_word' id='word_1_178' title='bbox 289 1959 356 2020; x_wconf 82' lang='lat' dir='ltr'>quod</span> <span class='ocrx_word' id='word_1_179' title='bbox 373 1957 477 2008; x_wconf 76' lang='lat' dir='ltr'>Laetam.</span> <span class='ocrx_word' id='word_1_180' title='bbox 496 1963 555 2006; x_wconf 87' lang='lat' dir='ltr'>ante</span> <span class='ocrx_word' id='word_1_181' title='bbox 578 1958 605 2004; x_wconf 91' lang='lat' dir='ltr'>tit</span> <span class='ocrx_word' id='word_1_182' title='bbox 622 1957 777 2012; x_wconf 77' lang='lat' dir='ltr'>intrudebat.</span> <span class='ocrx_word' id='word_1_183' title='bbox 882 1956 905 2018; x_wconf 75' lang='grc'>5)</span> <span class='ocrx_word' id='word_1_184' title='bbox 930 1959 1011 2008; x_wconf 89' lang='lat' dir='ltr'>uerbis</span> <span class='ocrx_word' id='word_1_185' title='bbox 1031 1958 1064 2024; x_wconf 82' lang='lat' dir='ltr'>(in</span> <span class='ocrx_word' id='word_1_186' title='bbox 1084 1961 1165 2008; x_wconf 86' lang='lat' dir='ltr'>uerbis</span> 
     </span>
     <span class='ocr_line' id='line_1_23' title="bbox 201 2021 1162 2089; baseline 0.007 -18"><span class='ocrx_word' id='word_1_187' title='bbox 201 2021 255 2085; x_wconf 78' lang='lat' dir='ltr'>Vr.)</span> <span class='ocrx_word' id='word_1_188' title='bbox 281 2023 344 2074; x_wconf 80' lang='lat' dir='ltr'>Cdd.</span> <span class='ocrx_word' id='word_1_189' title='bbox 369 2027 426 2074; x_wconf 88' lang='lat' dir='ltr'>edd.</span> <span class='ocrx_word' id='word_1_190' title='bbox 469 2023 523 2072; x_wconf 83' lang='lat' dir='ltr'>Sed</span> <span class='ocrx_word' id='word_1_191' title='bbox 543 2026 657 2089; x_wconf 82' lang='lat' dir='ltr'>sequitur</span> <span class='ocrx_word' id='word_1_192' title='bbox 680 2027 776 2074; x_wconf 82' lang='lat' dir='ltr'>Paulus</span> <span class='ocrx_word' id='word_1_193' title='bbox 800 2027 947 2076; x_wconf 83' lang='lat' dir='ltr'>diuisionem</span> <span class='ocrx_word' id='word_1_194' title='bbox 975 2029 1043 2076; x_wconf 82' lang='lat' dir='ltr'>ittam</span> <span class='ocrx_word' id='word_1_195' title='bbox 1066 2044 1101 2076; x_wconf 73' lang='lat' dir='ltr'>ece</span> <span class='ocrx_word' id='word_1_196' title='bbox 1124 2043 1162 2085; x_wconf 87' lang='lat' dir='ltr'>eu,</span> 
     </span>
     <span class='ocr_line' id='line_1_24' title="bbox 197 2093 1166 2156; baseline 0.004 -16"><span class='ocrx_word' id='word_1_197' title='bbox 197 2093 265 2156; x_wconf 82' lang='lat' dir='ltr'>quud</span> <span class='ocrx_word' id='word_1_198' title='bbox 281 2095 401 2149; x_wconf 80' lang='lat' dir='ltr'>laeditur,</span> <span class='ocrx_word' id='word_1_199' title='bbox 419 2097 550 2154; x_wconf 80' lang='lat' dir='ltr'>sumptam,</span> <span class='ocrx_word' id='word_1_200' title='bbox 570 2093 601 2140; x_wconf 91' lang='lat' dir='ltr'>de</span> <span class='ocrx_word' id='word_1_201' title='bbox 619 2109 669 2156; x_wconf 80' lang='lat' dir='ltr'>qua</span> <span class='ocrx_word' id='word_1_202' title='bbox 680 2095 730 2142; x_wconf 83' lang='lat' dir='ltr'>uid.</span> <span class='ocrx_word' id='word_1_203' title='bbox 743 2094 820 2142; x_wconf 71' lang='lat' dir='ltr'>Auet⁴</span> <span class='ocrx_word' id='word_1_204' title='bbox 835 2095 871 2142; x_wconf 88' lang='lat' dir='ltr'>ad</span> <span class='ocrx_word' id='word_1_205' title='bbox 882 2094 949 2144; x_wconf 79' lang='lat' dir='ltr'>Her.</span> <span class='ocrx_word' id='word_1_206' title='bbox 962 2102 983 2154; x_wconf 82' lang='lat'>4,</span> <span class='ocrx_word' id='word_1_207' title='bbox 996 2103 1029 2142; x_wconf 77' lang='lat'>25.</span> <span class='ocrx_word' id='word_1_208' title='bbox 1050 2097 1166 2144; x_wconf 80' lang='lat' dir='ltr'>‘Iniuriae</span> 
     </span>
     <span class='ocr_line' id='line_1_25' title="bbox 196 2160 1164 2225; baseline 0.003 -18"><span class='ocrx_word' id='word_1_209' title='bbox 196 2169 257 2222; x_wconf 70' lang='lat' dir='ltr'>sunt,</span> <span class='ocrx_word' id='word_1_210' title='bbox 277 2176 336 2222; x_wconf 88' lang='lat' dir='ltr'>qnae</span> <span class='ocrx_word' id='word_1_211' title='bbox 354 2167 393 2208; x_wconf 89' lang='lat' dir='ltr'>aut</span> <span class='ocrx_word' id='word_1_212' title='bbox 409 2160 542 2223; x_wconf 80' lang='lat' dir='ltr'>pulsatione</span> <span class='ocrx_word' id='word_1_213' title='bbox 560 2175 659 2223; x_wconf 86' lang='lat' dir='ltr'>corpus,</span> <span class='ocrx_word' id='word_1_214' title='bbox 680 2169 719 2209; x_wconf 90' lang='lat' dir='ltr'>aut</span> <span class='ocrx_word' id='word_1_215' title='bbox 737 2161 846 2210; x_wconf 81' lang='lat' dir='ltr'>conuicio</span> <span class='ocrx_word' id='word_1_216' title='bbox 866 2176 942 2218; x_wconf 71' lang='lat' dir='ltr'>aures</span> <span class='ocrx_word' id='word_1_217' title='bbox 961 2170 1000 2210; x_wconf 91' lang='lat' dir='ltr'>ant</span> <span class='ocrx_word' id='word_1_218' title='bbox 1019 2163 1095 2225; x_wconf 82' lang='lat' dir='ltr'>aliqua</span> <span class='ocrx_word' id='word_1_219' title='bbox 1114 2160 1164 2211; x_wconf 86' lang='lat' dir='ltr'>tur-</span> 
     </span>
     <span class='ocr_line' id='line_1_26' title="bbox 195 2227 1164 2294; baseline 0.004 -19"><span class='ocrx_word' id='word_1_220' title='bbox 195 2227 301 2290; x_wconf 89' lang='lat' dir='ltr'>pitudine</span> <span class='ocrx_word' id='word_1_221' title='bbox 319 2229 390 2276; x_wconf 90' lang='lat' dir='ltr'>vitam</span> <span class='ocrx_word' id='word_1_222' title='bbox 409 2227 510 2275; x_wconf 77' lang='lat' dir='ltr'>alicuius</span> <span class='ocrx_word' id='word_1_223' title='bbox 528 2228 639 2276; x_wconf 67' lang='lat' dir='ltr'>molant!-</span> <span class='ocrx_word' id='word_1_224' title='bbox 708 2227 729 2290; x_wconf 79' lang='lat'>⁶)</span> <span class='ocrx_word' id='word_1_225' title='bbox 748 2236 906 2291; x_wconf 81' lang='lat' dir='ltr'>praetextatae</span> <span class='ocrx_word' id='word_1_226' title='bbox 922 2229 963 2280; x_wconf 87' lang='lat' dir='ltr'>Vi.</span> <span class='ocrx_word' id='word_1_227' title='bbox 978 2231 1018 2281; x_wconf 92' lang='lat' dir='ltr'>ed.</span> <span class='ocrx_word' id='word_1_228' title='bbox 1032 2230 1074 2281; x_wconf 85' lang='lat' dir='ltr'>Bt.</span> <span class='ocrx_word' id='word_1_229' title='bbox 1094 2246 1164 2294; x_wconf 91' lang='lat' dir='ltr'>prae·</span> 
     </span>
     <span class='ocr_line' id='line_1_27' title="bbox 195 2293 1162 2360; baseline 0.003 -17"><span class='ocrx_word' id='word_1_230' title='bbox 195 2302 281 2343; x_wconf 76' lang='lat' dir='ltr'>tentato</span> <span class='ocrx_word' id='word_1_231' title='bbox 300 2302 322 2343; x_wconf 86' lang='lat' dir='ltr'>te</span> <span class='ocrx_word' id='word_1_232' title='bbox 340 2293 373 2344; x_wconf 85' lang='lat' dir='ltr'>B.</span> <span class='ocrx_word' id='word_1_233' title='bbox 390 2295 437 2344; x_wconf 90' lang='lat' dir='ltr'>Ve.</span> <span class='ocrx_word' id='word_1_234' title='bbox 476 2293 549 2343; x_wconf 83' lang='lat' dir='ltr'>Unde</span> <span class='ocrx_word' id='word_1_235' title='bbox 565 2295 681 2355; x_wconf 76' lang='lat' dir='ltr'>fortasse</span> <span class='ocrx_word' id='word_1_236' title='bbox 699 2298 747 2360; x_wconf 71' lang='lat' dir='ltr'>lep.</span> <span class='ocrx_word' id='word_1_237' title='bbox 766 2303 909 2359; x_wconf 86' lang='lat' dir='ltr'>praetextato</span> <span class='ocrx_word' id='word_1_238' title='bbox 928 2305 1094 2360; x_wconf 83' lang='lat' dir='ltr'>praetextatae.</span> <span class='ocrx_word' id='word_1_239' title='bbox 1123 2298 1162 2356; x_wconf 78' lang='lat' dir='ltr'>Cf.</span> 
     </span>
     <span class='ocr_line' id='line_1_28' title="bbox 197 2359 1163 2427; baseline 0.003 -18"><span class='ocrx_word' id='word_1_240' title='bbox 197 2359 224 2423; x_wconf 66' lang='lat' dir='ltr'>S.</span> <span class='ocrx_word' id='word_1_241' title='bbox 243 2371 263 2410; x_wconf 87' lang='lat'>1.</span> <span class='ocrx_word' id='word_1_242' title='bbox 282 2361 306 2410; x_wconf 91' lang='lat' dir='ltr'>I.</span> <span class='ocrx_word' id='word_1_243' title='bbox 326 2364 358 2410; x_wconf 90' lang='lat' dir='ltr'>de</span> <span class='ocrx_word' id='word_1_244' title='bbox 376 2363 451 2412; x_wconf 78' lang='lat' dir='ltr'>intur.</span> <span class='ocrx_word' id='word_1_245' title='bbox 472 2360 502 2423; x_wconf 83' lang='lat'>(4,</span> <span class='ocrx_word' id='word_1_246' title='bbox 521 2360 544 2424; x_wconf 77' lang='lat' dir='ltr'>t)</span> <span class='ocrx_word' id='word_1_247' title='bbox 564 2361 646 2426; x_wconf 81' lang='lat' dir='ltr'>ibique</span> <span class='ocrx_word' id='word_1_248' title='bbox 665 2363 805 2412; x_wconf 72' lang='lat' dir='ltr'>Schrader.</span> <span class='ocrx_word' id='word_1_249' title='bbox 903 2363 924 2427; x_wconf 84' lang='lat'>⁷)</span> <span class='ocrx_word' id='word_1_250' title='bbox 944 2365 1003 2414; x_wconf 82' lang='lat' dir='ltr'>iacit</span> <span class='ocrx_word' id='word_1_251' title='bbox 1020 2365 1084 2415; x_wconf 83' lang='lat' dir='ltr'>Cdd.</span> <span class='ocrx_word' id='word_1_252' title='bbox 1105 2367 1163 2416; x_wconf 84' lang='lat' dir='ltr'>edd.</span> 
     </span>
     <span class='ocr_line' id='line_1_29' title="bbox 198 2427 1162 2494; baseline 0.006 -18"><span class='ocrx_word' id='word_1_253' title='bbox 198 2427 254 2477; x_wconf 87' lang='lat' dir='ltr'>Sed</span> <span class='ocrx_word' id='word_1_254' title='bbox 270 2430 319 2476; x_wconf 86' lang='lat' dir='ltr'>uid.</span> <span class='ocrx_word' id='word_1_255' title='bbox 335 2429 398 2476; x_wconf 77' lang='lat' dir='ltr'>uera.</span> <span class='ocrx_word' id='word_1_256' title='bbox 410 2438 444 2488; x_wconf 81' lang='lat'>20,</span> <span class='ocrx_word' id='word_1_257' title='bbox 464 2437 495 2488; x_wconf 85' lang='lat'>1.‚</span> <span class='ocrx_word' id='word_1_258' title='bbox 514 2443 549 2478; x_wconf 85' lang='lat' dir='ltr'>eae</span> <span class='ocrx_word' id='word_1_259' title='bbox 567 2445 615 2493; x_wconf 84' lang='lat' dir='ltr'>quo</span> <span class='ocrx_word' id='word_1_260' title='bbox 634 2433 709 2480; x_wconf 84' lang='lat' dir='ltr'>etium</span> <span class='ocrx_word' id='word_1_261' title='bbox 725 2433 806 2480; x_wconf 78' lang='lat' dir='ltr'>malim</span> <span class='ocrx_word' id='word_1_262' title='bbox 825 2433 889 2488; x_wconf 82' lang='lat' dir='ltr'>sarit,</span> <span class='ocrx_word' id='word_1_263' title='bbox 908 2434 985 2480; x_wconf 88' lang='lat' dir='ltr'>alteri.</span> <span class='ocrx_word' id='word_1_264' title='bbox 1056 2431 1078 2494; x_wconf 71' lang='grc'>8)</span> <span class='ocrx_word' id='word_1_265' title='bbox 1099 2433 1162 2482; x_wconf 84' lang='lat' dir='ltr'>Gdd.</span> 
     </span>
     <span class='ocr_line' id='line_1_30' title="bbox 198 2497 1163 2562; baseline 0.006 -18"><span class='ocrx_word' id='word_1_266' title='bbox 198 2503 225 2544; x_wconf 88' lang='lat' dir='ltr'>et</span> <span class='ocrx_word' id='word_1_267' title='bbox 242 2497 301 2544; x_wconf 89' lang='lat' dir='ltr'>edd.</span> <span class='ocrx_word' id='word_1_268' title='bbox 320 2497 419 2544; x_wconf 85' lang='lat' dir='ltr'>addunt</span> <span class='ocrx_word' id='word_1_269' title='bbox 434 2497 560 2557; x_wconf 64' lang='lat' dir='ltr'>glossema</span> <span class='ocrx_word' id='word_1_270' title='bbox 577 2501 738 2548; x_wconf 83' lang='lat' dir='ltr'>sestertiorum</span> <span class='ocrx_word' id='word_1_271' title='bbox 758 2498 807 2561; x_wconf 91' lang='lat' dir='ltr'>(·re</span> <span class='ocrx_word' id='word_1_272' title='bbox 825 2501 918 2548; x_wconf 85' lang='lat' dir='ltr'>sitrium</span> <span class='ocrx_word' id='word_1_273' title='bbox 935 2499 997 2562; x_wconf 79' lang='lat' dir='ltr'>Va).</span> <span class='ocrx_word' id='word_1_274' title='bbox 1020 2499 1080 2550; x_wconf 88' lang='lat' dir='ltr'>Vid.</span> <span class='ocrx_word' id='word_1_275' title='bbox 1092 2501 1163 2550; x_wconf 78' lang='lat' dir='ltr'>Fert.</span> 
     </span>
     <span class='ocr_line' id='line_1_31' title="bbox 199 2563 1162 2630; baseline 0.007 -20"><span class='ocrx_word' id='word_1_276' title='bbox 199 2578 221 2611; x_wconf 90' lang='lat' dir='ltr'>u.</span> <span class='ocrx_word' id='word_1_277' title='bbox 240 2563 327 2622; x_wconf 86' lang='lat' dir='ltr'>Viginti</span> <span class='ocrx_word' id='word_1_278' title='bbox 347 2563 455 2625; x_wconf 89' lang='lat' dir='ltr'>quinque.</span> <span class='ocrx_word' id='word_1_279' title='bbox 559 2563 580 2628; x_wconf 82' lang='grc'>9)</span> <span class='ocrx_word' id='word_1_280' title='bbox 604 2581 680 2629; x_wconf 89' lang='lat' dir='ltr'>poena</span> <span class='ocrx_word' id='word_1_281' title='bbox 699 2567 762 2615; x_wconf 91' lang='lat' dir='ltr'>subit</span> <span class='ocrx_word' id='word_1_282' title='bbox 779 2565 813 2618; x_wconf 91' lang='lat' dir='ltr'>B.</span> <span class='ocrx_word' id='word_1_283' title='bbox 836 2567 883 2616; x_wconf 91' lang='lat' dir='ltr'>Ve.</span> <span class='ocrx_word' id='word_1_284' title='bbox 910 2581 1010 2630; x_wconf 90' lang='lat' dir='ltr'>poenam</span> <span class='ocrx_word' id='word_1_285' title='bbox 1035 2569 1098 2617; x_wconf 89' lang='lat' dir='ltr'>subit</span> <span class='ocrx_word' id='word_1_286' title='bbox 1121 2568 1162 2616; x_wconf 82' lang='lat' dir='ltr'>Vi.</span> 
     </span>
     <span class='ocr_line' id='line_1_32' title="bbox 197 2627 1163 2700; baseline 0.007 -22"><span class='ocrx_word' id='word_1_287' title='bbox 197 2631 255 2681; x_wconf 88' lang='lat' dir='ltr'>edd.</span> <span class='ocrx_word' id='word_1_288' title='bbox 328 2627 360 2694; x_wconf 86' lang='lat'>³⁰)</span> <span class='ocrx_word' id='word_1_289' title='bbox 380 2632 581 2683; x_wconf 79' lang='lat' dir='ltr'>manifestusVe.</span> <span class='ocrx_word' id='word_1_290' title='bbox 610 2634 806 2684; x_wconf 78' lang='lat' dir='ltr'>manifestusVi.</span> <span class='ocrx_word' id='word_1_291' title='bbox 836 2649 905 2683; x_wconf 89' lang='lat' dir='ltr'>manu</span> <span class='ocrx_word' id='word_1_292' title='bbox 919 2636 1004 2684; x_wconf 85' lang='lat' dir='ltr'>iustine</span> <span class='ocrx_word' id='word_1_293' title='bbox 1016 2637 1036 2684; x_wconf 89' lang='lat' dir='ltr'>si</span> <span class='ocrx_word' id='word_1_294' title='bbox 1050 2651 1076 2685; x_wconf 86' lang='lat' dir='ltr'>os</span> <span class='ocrx_word' id='word_1_295' title='bbox 1091 2651 1163 2700; x_wconf 80' lang='lat' dir='ltr'>epre-</span> 
     </span>
     <span class='ocr_line' id='line_1_33' title="bbox 193 2697 1165 2768; baseline 0.008 -23"><span class='ocrx_word' id='word_1_296' title='bbox 193 2699 237 2761; x_wconf 81' lang='lat' dir='ltr'>pia</span> <span class='ocrx_word' id='word_1_297' title='bbox 256 2697 358 2747; x_wconf 76' lang='lat' dir='ltr'>Laetam.</span> <span class='ocrx_word' id='word_1_298' title='bbox 380 2700 428 2760; x_wconf 64' lang='lat' dir='ltr'>ej„</span> <span class='ocrx_word' id='word_1_299' title='bbox 452 2699 479 2746; x_wconf 85' lang='lat' dir='ltr'>iu</span> <span class='ocrx_word' id='word_1_300' title='bbox 503 2715 551 2764; x_wconf 82' lang='lat' dir='ltr'>quo</span> <span class='ocrx_word' id='word_1_301' title='bbox 574 2708 601 2749; x_wconf 87' lang='lat' dir='ltr'>ut</span> <span class='ocrx_word' id='word_1_302' title='bbox 624 2717 652 2750; x_wconf 91' lang='lat' dir='ltr'>ue</span> <span class='ocrx_word' id='word_1_303' title='bbox 675 2704 824 2757; x_wconf 85' lang='lat' dir='ltr'>omitterem,</span> <span class='ocrx_word' id='word_1_304' title='bbox 848 2710 875 2750; x_wconf 84' lang='lat' dir='ltr'>et</span> <span class='ocrx_word' id='word_1_305' title='bbox 897 2704 1009 2751; x_wconf 76' lang='lat' dir='ltr'>codicum</span> <span class='ocrx_word' id='word_1_306' title='bbox 1031 2705 1165 2768; x_wconf 83' lang='lat' dir='ltr'>scriptura</span> 
     </span>
     <span class='ocr_line' id='line_1_34' title="bbox 194 2765 1163 2833; baseline 0.004 -19"><span class='ocrx_word' id='word_1_307' title='bbox 194 2765 325 2824; x_wconf 75' lang='lat' dir='ltr'>suadebat,</span> <span class='ocrx_word' id='word_1_308' title='bbox 346 2783 419 2832; x_wconf 83' lang='lat' dir='ltr'>quum</span> <span class='ocrx_word' id='word_1_309' title='bbox 436 2767 496 2815; x_wconf 86' lang='lat' dir='ltr'>iude</span> <span class='ocrx_word' id='word_1_310' title='bbox 514 2775 598 2818; x_wconf 84' lang='lat' dir='ltr'>natam</span> <span class='ocrx_word' id='word_1_311' title='bbox 616 2777 735 2833; x_wconf 83' lang='lat' dir='ltr'>apparet,</span> <span class='ocrx_word' id='word_1_312' title='bbox 756 2771 824 2833; x_wconf 87' lang='lat' dir='ltr'>quod</span> <span class='ocrx_word' id='word_1_313' title='bbox 838 2769 960 2818; x_wconf 85' lang='lat' dir='ltr'>librarius</span> <span class='ocrx_word' id='word_1_314' title='bbox 974 2772 1065 2820; x_wconf 83' lang='lat' dir='ltr'>titteris</span> <span class='ocrx_word' id='word_1_315' title='bbox 1084 2774 1104 2820; x_wconf 90' lang='lat' dir='ltr'>si</span> <span class='ocrx_word' id='word_1_316' title='bbox 1122 2773 1163 2821; x_wconf 86' lang='lat' dir='ltr'>Iit·</span> 
     </span>
     <span class='ocr_line' id='line_1_35' title="bbox 195 2835 1162 2902; baseline 0.005 -21"><span class='ocrx_word' id='word_1_317' title='bbox 195 2840 264 2882; x_wconf 82' lang='lat' dir='ltr'>teras</span> <span class='ocrx_word' id='word_1_318' title='bbox 284 2835 300 2882; x_wconf 92' lang='lat' dir='ltr'>ti</span> <span class='ocrx_word' id='word_1_319' title='bbox 318 2837 382 2884; x_wconf 87' lang='lat' dir='ltr'>mate</span> <span class='ocrx_word' id='word_1_320' title='bbox 400 2835 486 2898; x_wconf 79' lang='lat' dir='ltr'>repeti</span> <span class='ocrx_word' id='word_1_321' title='bbox 506 2838 628 2894; x_wconf 83' lang='lat' dir='ltr'>eredidit,</span> <span class='ocrx_word' id='word_1_322' title='bbox 649 2843 674 2886; x_wconf 85' lang='lat' dir='ltr'>et</span> <span class='ocrx_word' id='word_1_323' title='bbox 697 2838 814 2900; x_wconf 82' lang='lat' dir='ltr'>antiquus</span> <span class='ocrx_word' id='word_1_324' title='bbox 832 2853 926 2894; x_wconf 79' lang='lat' dir='ltr'>sermo.</span> <span class='ocrx_word' id='word_1_325' title='bbox 945 2845 972 2886; x_wconf 87' lang='lat' dir='ltr'>ut</span> <span class='ocrx_word' id='word_1_326' title='bbox 994 2840 1020 2887; x_wconf 85' lang='lat' dir='ltr'>iu</span> <span class='ocrx_word' id='word_1_327' title='bbox 1044 2855 1087 2902; x_wconf 90' lang='lat' dir='ltr'>ope</span> <span class='ocrx_word' id='word_1_328' title='bbox 1104 2854 1162 2888; x_wconf 91' lang='lat' dir='ltr'>con-</span> 
     </span>
     <span class='ocr_line' id='line_1_36' title="bbox 194 2901 1161 2964; baseline 0.005 -15"><span class='ocrx_word' id='word_1_329' title='bbox 194 2902 251 2950; x_wconf 91' lang='lat' dir='ltr'>silio</span> <span class='ocrx_word' id='word_1_330' title='bbox 270 2904 336 2963; x_wconf 75' lang='lat' dir='ltr'>attis,</span> <span class='ocrx_word' id='word_1_331' title='bbox 355 2903 552 2953; x_wconf 78' lang='lat' dir='ltr'>eonrmeudadat.</span> <span class='ocrx_word' id='word_1_332' title='bbox 623 2901 645 2964; x_wconf 85' lang='grc'>1)</span> <span class='ocrx_word' id='word_1_333' title='bbox 664 2904 709 2952; x_wconf 86' lang='grc' dir='ltr'>Ιια</span> <span class='ocrx_word' id='word_1_334' title='bbox 731 2905 771 2953; x_wconf 82' lang='lat' dir='ltr'>Vi.</span> <span class='ocrx_word' id='word_1_335' title='bbox 801 2913 917 2954; x_wconf 82' lang='lat' dir='ltr'>trecentos</span> <span class='ocrx_word' id='word_1_336' title='bbox 935 2904 969 2957; x_wconf 88' lang='lat' dir='ltr'>B.</span> <span class='ocrx_word' id='word_1_337' title='bbox 992 2907 1038 2954; x_wconf 91' lang='lat' dir='ltr'>Ve.</span> <span class='ocrx_word' id='word_1_338' title='bbox 1059 2907 1099 2954; x_wconf 83' lang='lat' dir='ltr'>ed.</span> <span class='ocrx_word' id='word_1_339' title='bbox 1118 2905 1161 2954; x_wconf 85' lang='lat' dir='ltr'>Bt.</span> 
     </span>
     <span class='ocr_line' id='line_1_37' title="bbox 194 2970 1162 3038; baseline 0.003 -22"><span class='ocrx_word' id='word_1_340' title='bbox 194 2975 352 3018; x_wconf 87' lang='lat' dir='ltr'>trecentorum</span> <span class='ocrx_word' id='word_1_341' title='bbox 371 2970 474 3020; x_wconf 73' lang='lat' dir='ltr'>Laetum.</span> <span class='ocrx_word' id='word_1_342' title='bbox 495 2973 546 3035; x_wconf 81' lang='lat' dir='ltr'>ej.‚·</span> <span class='ocrx_word' id='word_1_343' title='bbox 570 2974 618 3022; x_wconf 87' lang='lat' dir='ltr'>sed</span> <span class='ocrx_word' id='word_1_344' title='bbox 634 2972 735 3035; x_wconf 75' lang='lat' dir='ltr'>corripe</span> <span class='ocrx_word' id='word_1_345' title='bbox 754 2974 866 3030; x_wconf 83' lang='lat' dir='ltr'>trecenti,</span> <span class='ocrx_word' id='word_1_346' title='bbox 886 2988 940 3021; x_wconf 86' lang='lat' dir='ltr'>cum</span> <span class='ocrx_word' id='word_1_347' title='bbox 962 2989 976 3023; x_wconf 86' lang='lat' dir='ltr'>s</span> <span class='ocrx_word' id='word_1_348' title='bbox 995 2973 1162 3038; x_wconf 79' lang='lat' dir='ltr'>exsequenti</span> 
     </span>
     <span class='ocr_line' id='line_1_38' title="bbox 193 3036 1162 3102; baseline 0.005 -18"><span class='ocrx_word' id='word_1_349' title='bbox 193 3051 253 3085; x_wconf 79' lang='lat' dir='ltr'>uoce</span> <span class='ocrx_word' id='word_1_350' title='bbox 277 3037 432 3086; x_wconf 69' lang='lat' dir='ltr'>adhaeserit.</span> <span class='ocrx_word' id='word_1_351' title='bbox 520 3038 541 3102; x_wconf 78' lang='lat'>²)</span> <span class='ocrx_word' id='word_1_352' title='bbox 565 3036 610 3102; x_wconf 73' lang='lat' dir='ltr'>(si)</span> <span class='ocrx_word' id='word_1_353' title='bbox 629 3053 699 3088; x_wconf 88' lang='lat' dir='ltr'>seruo</span> <span class='ocrx_word' id='word_1_354' title='bbox 721 3037 764 3086; x_wconf 85' lang='lat' dir='ltr'>Bt.</span> <span class='ocrx_word' id='word_1_355' title='bbox 783 3039 887 3092; x_wconf 82' lang='lat' dir='ltr'>Luadm.</span> <span class='ocrx_word' id='word_1_356' title='bbox 925 3042 965 3090; x_wconf 87' lang='lat' dir='ltr'>De</span> <span class='ocrx_word' id='word_1_357' title='bbox 987 3047 1060 3090; x_wconf 85' lang='lat' dir='ltr'>reeta</span> <span class='ocrx_word' id='word_1_358' title='bbox 1081 3043 1162 3089; x_wconf 85' lang='lat' dir='ltr'>iuter·</span> 
     </span>
     <span class='ocr_line' id='line_1_39' title="bbox 190 3107 1163 3172; baseline 0.006 -22"><span class='ocrx_word' id='word_1_359' title='bbox 190 3107 336 3166; x_wconf 80' lang='lat' dir='ltr'>punctione,</span> <span class='ocrx_word' id='word_1_360' title='bbox 356 3121 428 3170; x_wconf 87' lang='lat' dir='ltr'>qaam</span> <span class='ocrx_word' id='word_1_361' title='bbox 446 3109 472 3156; x_wconf 86' lang='lat' dir='ltr'>in</span> <span class='ocrx_word' id='word_1_362' title='bbox 489 3108 537 3156; x_wconf 77' lang='lat' dir='ltr'>kae</span> <span class='ocrx_word' id='word_1_363' title='bbox 555 3109 609 3171; x_wconf 74' lang='lat' dir='ltr'>teqe</span> <span class='ocrx_word' id='word_1_364' title='bbox 627 3107 788 3166; x_wconf 82' lang='lat' dir='ltr'>restituimus,</span> <span class='ocrx_word' id='word_1_365' title='bbox 808 3109 911 3172; x_wconf 83' lang='lat' dir='ltr'>eiusque</span> <span class='ocrx_word' id='word_1_366' title='bbox 923 3124 1000 3159; x_wconf 77' lang='lat' dir='ltr'>seusa</span> <span class='ocrx_word' id='word_1_367' title='bbox 1012 3111 1057 3158; x_wconf 88' lang='lat' dir='ltr'>adi</span> <span class='ocrx_word' id='word_1_368' title='bbox 1074 3109 1163 3158; x_wconf 85' lang='lat' dir='ltr'>tibrum</span> 
     </span>
     <span class='ocr_line' id='line_1_40' title="bbox 193 3171 1162 3238; baseline 0.007 -19"><span class='ocrx_word' id='word_1_369' title='bbox 193 3177 305 3220; x_wconf 67' lang='lat' dir='ltr'>ausuum</span> <span class='ocrx_word' id='word_1_370' title='bbox 323 3173 425 3222; x_wconf 78' lang='lat' dir='ltr'>‘Gaius&#39;</span> <span class='ocrx_word' id='word_1_371' title='bbox 440 3190 471 3237; x_wconf 82' lang='lat' dir='ltr'>p.</span> <span class='ocrx_word' id='word_1_372' title='bbox 493 3184 536 3223; x_wconf 84' lang='lat' dir='ltr'>ltt.</span> <span class='ocrx_word' id='word_1_373' title='bbox 555 3182 600 3223; x_wconf 79' lang='lat'>126.</span> <span class='ocrx_word' id='word_1_374' title='bbox 620 3183 664 3224; x_wconf 81' lang='lat'><strong>153.</strong></span> <span class='ocrx_word' id='word_1_375' title='bbox 707 3209 712 3220; x_wconf 90' lang='lat'>.</span> <span class='ocrx_word' id='word_1_376' title='bbox 740 3171 761 3238; x_wconf 79' lang='lat'>⁸)</span> <span class='ocrx_word' id='word_1_377' title='bbox 780 3190 881 3238; x_wconf 85' lang='lat' dir='ltr'>poenam</span> <span class='ocrx_word' id='word_1_378' title='bbox 900 3177 992 3226; x_wconf 85' lang='lat' dir='ltr'>subitur</span> <span class='ocrx_word' id='word_1_379' title='bbox 1011 3179 1162 3226; x_wconf 88' lang='lat' dir='ltr'>extertiorum</span> 
     </span>
     <span class='ocr_line' id='line_1_41' title="bbox 192 3237 1163 3304; baseline 0.005 -17"><span class='ocrx_word' id='word_1_380' title='bbox 192 3237 226 3288; x_wconf 88' lang='lat' dir='ltr'>B.</span> <span class='ocrx_word' id='word_1_381' title='bbox 250 3239 296 3288; x_wconf 87' lang='lat' dir='ltr'>Ve.</span> <span class='ocrx_word' id='word_1_382' title='bbox 324 3257 425 3304; x_wconf 87' lang='lat' dir='ltr'>poenam</span> <span class='ocrx_word' id='word_1_383' title='bbox 447 3243 488 3292; x_wconf 84' lang='lat' dir='ltr'>Vt.</span> <span class='ocrx_word' id='word_1_384' title='bbox 522 3255 623 3304; x_wconf 88' lang='lat' dir='ltr'>poenam</span> <span class='ocrx_word' id='word_1_385' title='bbox 647 3243 724 3292; x_wconf 86' lang='lat' dir='ltr'>subito</span> <span class='ocrx_word' id='word_1_386' title='bbox 750 3244 912 3292; x_wconf 88' lang='lat' dir='ltr'>sestertiorum</span> <span class='ocrx_word' id='word_1_387' title='bbox 936 3245 995 3296; x_wconf 89' lang='lat' dir='ltr'>edd.</span> <span class='ocrx_word' id='word_1_388' title='bbox 1034 3244 1163 3294; x_wconf 78' lang='lat' dir='ltr'>Glossema</span> 
     </span>
     <span class='ocr_line' id='line_1_42' title="bbox 193 3309 1161 3374; baseline 0.006 -20"><span class='ocrx_word' id='word_1_389' title='bbox 193 3309 355 3357; x_wconf 83' lang='lat' dir='ltr'>sestertiorum</span> <span class='ocrx_word' id='word_1_390' title='bbox 374 3309 448 3366; x_wconf 84' lang='lat' dir='ltr'>eieci,</span> <span class='ocrx_word' id='word_1_391' title='bbox 468 3324 514 3357; x_wconf 85' lang='lat' dir='ltr'>nec</span> <span class='ocrx_word' id='word_1_392' title='bbox 531 3325 630 3372; x_wconf 83' lang='lat' dir='ltr'>repono</span> <span class='ocrx_word' id='word_1_393' title='bbox 649 3325 727 3366; x_wconf 83' lang='lat' dir='ltr'>asses,</span> <span class='ocrx_word' id='word_1_394' title='bbox 748 3325 811 3374; x_wconf 83' lang='lat' dir='ltr'>quoe</span> <span class='ocrx_word' id='word_1_395' title='bbox 827 3317 854 3360; x_wconf 85' lang='lat' dir='ltr'>et</span> <span class='ocrx_word' id='word_1_396' title='bbox 871 3311 912 3360; x_wconf 79' lang='lat' dir='ltr'>die</span> <span class='ocrx_word' id='word_1_397' title='bbox 930 3311 1084 3362; x_wconf 79' lang='lat' dir='ltr'>decemuiros</span> <span class='ocrx_word' id='word_1_398' title='bbox 1102 3315 1161 3362; x_wconf 82' lang='lat' dir='ltr'>omi·</span> 
     </span>
     <span class='ocr_line' id='line_1_43' title="bbox 192 3375 1162 3441; baseline 0.007 -20"><span class='ocrx_word' id='word_1_399' title='bbox 192 3376 256 3423; x_wconf 77' lang='lat' dir='ltr'>sisae</span> <span class='ocrx_word' id='word_1_400' title='bbox 274 3378 407 3424; x_wconf 80' lang='lat' dir='ltr'>verisimile</span> <span class='ocrx_word' id='word_1_401' title='bbox 425 3382 472 3425; x_wconf 87' lang='lat' dir='ltr'>eet.</span> <span class='ocrx_word' id='word_1_402' title='bbox 559 3375 580 3437; x_wconf 84' lang='lat'>⁴)</span> <span class='ocrx_word' id='word_1_403' title='bbox 604 3379 663 3430; x_wconf 81' lang='lat' dir='ltr'>Via.</span> <span class='ocrx_word' id='word_1_404' title='bbox 683 3385 734 3430; x_wconf 82' lang='lat' dir='ltr'>aot.</span> <span class='ocrx_word' id='word_1_405' title='bbox 753 3387 786 3426; x_wconf 77' lang='lat'>22.</span> <span class='ocrx_word' id='word_1_406' title='bbox 874 3376 894 3440; x_wconf 73' lang='grc'>5)</span> <span class='ocrx_word' id='word_1_407' title='bbox 913 3395 949 3431; x_wconf 83' lang='lat' dir='ltr'>se.</span> <span class='ocrx_word' id='word_1_408' title='bbox 969 3380 1092 3431; x_wconf 81' lang='lat' dir='ltr'>Praetor.</span> <span class='ocrx_word' id='word_1_409' title='bbox 1121 3379 1162 3441; x_wconf 79' lang='lat' dir='ltr'>Cf.</span> 
     </span>
     <span class='ocr_line' id='line_1_44' title="bbox 192 3441 1163 3510; baseline 0.008 -22"><span class='ocrx_word' id='word_1_410' title='bbox 192 3441 227 3492; x_wconf 84' lang='lat' dir='ltr'>L.</span> <span class='ocrx_word' id='word_1_411' title='bbox 244 3446 256 3488; x_wconf 83' lang='lat' dir='ltr'>t</span> <span class='ocrx_word' id='word_1_412' title='bbox 273 3457 316 3504; x_wconf 83' lang='lat' dir='ltr'>pr.</span> <span class='ocrx_word' id='word_1_413' title='bbox 334 3443 369 3493; x_wconf 84' lang='lat' dir='ltr'>D.</span> <span class='ocrx_word' id='word_1_414' title='bbox 388 3443 420 3490; x_wconf 83' lang='lat' dir='ltr'>de</span> <span class='ocrx_word' id='word_1_415' title='bbox 439 3443 515 3494; x_wconf 76' lang='lat' dir='ltr'>intur.</span> <span class='ocrx_word' id='word_1_416' title='bbox 537 3441 580 3506; x_wconf 77' lang='lat'><strong>(47,</strong></span> <span class='ocrx_word' id='word_1_417' title='bbox 602 3447 645 3504; x_wconf 85' lang='lat' dir='ltr'>tu).</span> <span class='ocrx_word' id='word_1_418' title='bbox 718 3444 739 3509; x_wconf 79' lang='lat'>⁶)</span> <span class='ocrx_word' id='word_1_419' title='bbox 759 3447 873 3495; x_wconf 85' lang='lat' dir='ltr'>minorem</span> <span class='ocrx_word' id='word_1_420' title='bbox 893 3448 995 3508; x_wconf 80' lang='lat' dir='ltr'>(minore</span> <span class='ocrx_word' id='word_1_421' title='bbox 1018 3445 1077 3510; x_wconf 79' lang='lat' dir='ltr'>Va.)</span> <span class='ocrx_word' id='word_1_422' title='bbox 1100 3446 1163 3496; x_wconf 73' lang='lat' dir='ltr'>cdd.</span> 
     </span>
    </p>
   </div>
   <div class='ocr_carea' id='block_1_6' title="bbox 0 0 1322 3960">
    <p class='ocr_par' dir='ltr' id='par_1_7' title="bbox 0 0 1322 3960">
     <span class='ocr_line' id='line_1_45' title="bbox 0 0 1322 3960; baseline 0 2"><span class='ocrx_word' id='word_1_423' title='bbox 0 0 1322 3960; x_wconf 95' lang='lat' dir='ltr'> </span> 
     </span>
    </p>
   </div>
  </div>
 </body>
</html>
