2614 3960
344 190 448 227 nuncu.
468 190 525 225 rvn.
545 190 610 224 non.
630 189 724 226 varic.
743 177 868 226 att-tos.
1039 179 1089 228 655

189 329 240 390 99.
268 331 377 387 Paullus
404 331 558 406 respondit,
592 329 787 387 filiamfamilias
814 348 849 388 ex·
874 331 945 388 dotis
971 333 1088 389 dictione

112 417 240 491 obligari
256 433 311 472 non
327 407 480 488 potuisse.2

190 495 260 558 100.
289 491 421 554 ¹³‘llater
432 516 481 573 pro
498 499 552 554 tilia
566 507 670 573 partem
686 499 758 555 dotis
773 500 861 562 dedit,
879 506 982 574 partem
1003 500 1087 563 dirit;

114 585 179 640 lilia
194 586 221 640 iu
237 585 406 640 matrimonio
422 584 547 646 decessit,
568 584 669 640 relictis
686 583 747 640 tttits
770 601 802 640 en
823 585 875 640 alio
900 586 1086 648 matrimonio;

114 685 226 744 quaero
242 669 276 724 de
291 670 350 724 iure
364 668 459 724 dotis.’
495 668 603 724 Paullus
618 669 768 743 respoudit,
785 686 851 732 eam,
869 686 938 743 quae
954 669 1015 725 duta
1036 678 1086 732 est,

117 755 274 810 mortuam
290 754 459 808 matrimonio
475 753 602 814 muliere,
619 754 689 828 apud
711 755 797 810 uirum
818 755 993 817 remansisse;
1019 771 1085 817 eam,

116 855 193 913 quae
209 837 281 893 dieta
296 846 338 892 est
353 855 367 892 a
383 845 477 901 matre,
496 838 503 858 ¹
509 831 585 912 peti⁴
600 855 654 893 non
670 854 761 911 posse.

186 918 249 980 101.
273 921 382 978 Paullus
407 916 572 995 respondit,⁵
593 922 673 977 rebus
694 939 750 978 non
771 925 915 978 aestimatis
941 925 969 978 ln
995 923 1087 992 dotem

121 1007 196 1062 datis
212 1007 336 1061 maritum
352 1006 466 1080 culpam,
486 1023 541 1062 non
556 1008 635 1061 etiam
651 1007 801 1079 periculum
815 1015 953 1080 praestare
975 1004 1083 1064 debere.

189 1088 259 1148 102.
283 1086 330 1145 ‘L.
354 1091 440 1146 'litius
457 1107 517 1146 uum
533 1098 605 1146 esset
619 1092 647 1145 in
658 1092 742 1163 patris
753 1099 905 1163 potestate,
927 1090 1039 1148 absente
1054 1108 1086 1147 eo

118 1177 200 1231 duxit
215 1177 242 1230 iu
258 1177 457 1250 matrimonium
477 1174 620 1248 Septiciam
643 1173 852 1236 iiliamiamilias.
879 1178 955 1231 cuius
978 1177 1087 1232 nomine

119 1259 216 1314 dotem
232 1261 333 1333 accepit
348 1277 362 1313 a
377 1268 466 1332 patre;
483 1267 578 1332 postea
593 1259 753 1332 superuenit
767 1266 857 1333 pater,
874 1274 928 1332 quo
945 1267 1087 1332 praesente

120 1345 236 1399 durauit
251 1344 278 1399 in
293 1343 362 1400 diem
380 1345 474 1399 mortis
491 1342 537 1398 filii
553 1344 764 1406 matrimonium
781 1343 955 1416 postmodum
971 1344 1087 1400 decessit

119 1429 152 1483 L.
172 1428 272 1484 Titius:
290 1444 400 1500 quaero,
417 1444 553 1490 anexeo,
570 1427 642 1499 quod
658 1444 713 1484 non
729 1428 891 1484 contradixit
905 1436 990 1503 pater,
1008 1430 1086 1484 etiam

122 1513 196 1567 elutis
212 1513 314 1569 dationi
330 1514 500 1568 consensisse
517 1511 653 1574 uideatur,
671 1521 698 1567 et
713 1512 775 1568 ideo
791 1515 896 1569 actione
916 1515 961 1569 rei·
977 1513 1086 1568 uxoriae

124 1596 173 1650 tilii
203 1599 312 1652 nomine
343 1597 503 1652 teneaturi’
540 1596 648 1652 Paullus
676 1591 852 1670 respondit,ss
877 1606 980 1671 patrem
1006 1599 1085 1653 etiam

122 1689 219 1754 postea
234 1682 334 1755 nuptiis
350 1683 565 1738 consentientem
581 1689 608 1748 et
620 1683 818 1738 matrimonium
835 1680 881 1738 lilii
896 1683 938 1739 sui
953 1690 981 1738 ct
996 1683 1087 1737 dotem

123 1766 246 1845 edicere
263 1774 290 1822 et
303 1766 379 1822 'ideo
391 1768 431 1822 rei
443 1768 553 1822 uxoriae
564 1766 663 1822 iudicio
671 1764 719 1838 (et)
732 1767 838 1841 uulgari
850 1768 1086 1839 conueniriposse,

125 1849 173 1920 (et)
190 1865 222 1904 er
233 1866 350 1922 persona
365 1843 435 1912 lilii‚⁷
451 1853 479 1906 in
496 1852 584 1924 ’quam
596 1844 749 1907 actionem⁸
765 1851 865 1924 peculii
878 1851 1013 1922 quantitas
1032 1849 1086 1902 'de-

128 1933 245 1988 ducitur.
291 1927 408 1989 Tamen9
425 1936 452 1990 in
468 1937 609 2008 proposito
626 1937 711 1990 tutius
724 1935 776 1990 luit
791 1935 965 2007 respondere,
983 1951 1015 1989 er
1026 1949 1087 2006 per·
1165 1923 1168 1932 ’

125 2032 191 2072 suna
207 2015 252 2070 filii
270 2031 332 2072 eum
348 2019 486 2074 conueniri
502 2035 591 2092 posse,
607 2021 654 2090 qui
669 2019 744 2074 solus
760 2026 943 2082 contraxerat:
961 2019 1012 2074 etsi
1024 2018 1085 2073 alias

126 2101 236 2174 placeat,
252 2108 370 2173 patrem,
387 2117 441 2174 quo
457 2104 645 2158 consentiente
667 2098 758 2178 filiusl
786 2102 878 2157 dotem
899 2105 1015 2175 accepit,
1042 2103 1201 2162 scienti-rot

127 2186 235 2240 etruriae
250 2185 350 2240 iudicio
364 2185 470 2258 uulgari
485 2187 625 2241 conueniri
640 2202 730 2258 posse.

189 2265 254 2327 103.
278 2269 388 2326 Paullus
404 2263 588 2343 respondit,²⁰
605 2271 645 2324 rei
661 2270 769 2326 uxoriae
785 2271 865 2326 titulo
886 2272 912 2325 id
929 2271 1017 2327 solum
1033 2273 1089 2345 peti

128 2372 214 2428 posse,
232 2355 305 2429 quod
326 2356 354 2409 in
376 2354 467 2410 dotem
489 2354 581 2410 datum
602 2363 653 2409 est.
699 2353 736 2408 Ex
758 2354 903 2411 donatione
925 2364 1090 2412 autemnon

128 2447 216 2511 potest
230 2441 286 2513 peti
302 2439 338 2502 id,
355 2439 428 2512 quod
445 2447 507 2495 ante
522 2440 722 2495 matrimonium
738 2441 765 2494 in
773 2440 931 2514 stipulatum
945 2441 1089 2508 deductum

129 2657 167 2706 cd.
181 2656 269 2705 Morus.
294 2657 352 2706 Non
368 2655 458 2718 probo.
515 2652 543 2716 12)
559 2654 617 2704 Cum
631 2661 736 2706 tutorem
748 2656 908 2712 sendeberti,
922 2673 970 2722 quo
983 2666 1087 2707 auctore

128 2723 232 2786 obtineri
242 2725 332 2788 possit,
352 2723 392 2785 Of.
406 2722 433 2786 3.
449 2734 480 2772 to.
493 2723 517 2773 Ι.
530 2724 562 2772 cie
574 2724 654 2772 inutit.
667 2725 726 2787 stip.
741 2726 771 2785 (3,
784 2723 829 2786 3ο).
850 2724 905 2774 Gai.
918 2735 935 2781 t,
949 2733 993 2775 192.
1012 2734 1031 2782 3,
1045 2734 1087 2773 108.

132 2799 173 2840 176.
192 2792 250 2856 usp.
266 2801 296 2848 tt,
315 2803 348 2840 3ο.
401 2791 423 2857 ³)
444 2791 484 2854 Cf.
499 2792 556 2854 Uip.
568 2800 588 2849 6,
601 2799 621 2839 3.
633 2799 655 2844 t.
707 2789 727 2852 ⁴)
747 2793 820 2855 repeti
837 2790 896 2838 Vut.
919 2791 973 2842 Sed
983 2794 1088 2842 irretitus

126 2865 211 2922 petere
234 2876 284 2910 nun
306 2867 400 2924 potest.
437 2875 463 2908 re
480 2876 515 2909 eae
532 2867 605 2908 matre
623 2859 748 2908 adiuerit.
829 2855 850 2920 ⁵)
873 2858 913 2920 Of.
932 2859 965 2910 L.
983 2869 1002 2909 5.
1022 2857 1047 2922 S.
1067 2870 1086 2909 3.

132 2927 159 2975 D.
178 2929 294 2978 cornmod.
316 2925 363 2990 (13,
384 2927 417 2989 3).
453 2928 485 2977 L.
506 2938 525 2977 1.
547 2926 574 2990 3.
593 2934 613 2976 o.
638 2928 670 2975 D.
695 2928 727 2976 de
750 2927 802 2976 dot.
822 2929 905 2989 prael.
925 2925 974 2989 (33,
992 2925 1015 2991 t)
1039 2935 1086 2980 etc.
1188 2956 1190 2958 ·

130 2993 149 3054 ⁶)
168 2995 205 3057 Of.
227 2996 258 3048 L.
276 3006 295 3044 5.
316 2995 343 3044 0.
367 2998 398 3045 de
417 3002 487 3060 πυρί,
507 2997 541 3054 (5,
560 2994 592 3059 t).
629 2996 662 3043 L.
681 3002 715 3044 63.
738 2995 772 3045 t).
792 2995 823 3043 dc
841 2997 890 3044 iur.
911 2996 964 3046 dot.
985 2995 1034 3058 (33,
1053 2993 1085 3060 3).

131 3060 150 3124 ⁷)
167 3061 210 3111 Eae
228 3061 326 3114 Suuinii
342 3065 378 3126 ej.
415 3065 468 3113 ideo
487 3079 513 3112 cx
531 3078 635 3126 persona
659 3063 702 3111 dlii
721 3063 755 3111 rei
774 3065 869 3112 uxoriae
888 3063 977 3112 iudicio
996 3065 1086 3124 uulgari

93 3149 95 3156 ·
132 3131 246 3178 conueniri
274 3145 345 3194 posse
376 3130 436 3181 Vut.
465 3138 491 3180 et
515 3131 607 3183 Hollw.
651 3127 773 3180 Similiter
798 3132 846 3180 sed
870 3137 1001 3194 expuncta
1027 3146 1088 3181 uoce

132 3196 214 3256 uulgari
233 3198 273 3245 ed.
293 3198 383 3248 Morus.
464 3198 485 3262 ⁸)
505 3198 549 3248 Sic
566 3201 641 3248 etium
660 3197 751 3248 Mones.
770 3200 810 3247 ed.
847 3215 891 3262 qua
910 3201 1004 3248 actione
1027 3199 1087 3246 Vut.

132 3265 167 3312 ed.
186 3259 276 3316 Horu.
306 3265 393 3316 De're
411 3267 446 3328 es.
468 3268 498 3314 L.
511 3275 545 3314 33.
561 3265 588 3330 S,
606 3275 636 3314 te.
657 3266 687 3314 L.
699 3274 725 3314 33
736 3283 778 3330 pr.
800 3267 831 3316 L.
845 3275 878 3314 33.
899 3267 931 3314 D.
950 3268 995 3315 col.
1014 3272 1087 3321 mam,

133 3327 218 3393 (itt).
255 3332 286 3380 L.
306 3342 338 3382 33.
358 3335 391 3382 Ι).
411 3349 442 3382 ue
460 3338 541 3397 pecul.
561 3334 603 3397 (15,
627 3332 655 3394 t).
727 3332 748 3396 ⁰)
768 3335 891 3383 deducitur
910 3334 1086 3382 tontmnmodo.

133 3399 168 3448 ed.
185 3398 273 3449 Moms.
292 3415 328 3449 eae
345 3401 381 3462 ej.
407 3401 460 3450 Sed
471 3401 577 3451 Paullus
594 3416 741 3465 responsum
759 3409 835 3450 antea
854 3403 939 3450 datum
956 3401 1087 3465 corrigere

134 3467 232 3516 videtur.
305 3466 338 3532 ²⁰)
358 3469 398 3531 Os.
418 3469 449 3516 t.
471 3478 488 3516 t.
510 3468 536 3517 0.
556 3471 588 3518 de
606 3471 665 3518 don.
685 3478 745 3519 tante
764 3476 834 3531 oripi.
855 3469 882 3530 (5,
903 3467 935 3532 3).
