2590 4286
195 135 244 184 690
448 150 552 186 aaron.
571 151 628 187 rvr.
649 151 713 186 nou.
734 151 827 188 varro.
848 138 907 188 ⁸250.

196 292 297 364 gratiae
318 291 517 364 praedicatione
539 292 672 366 conpleat,
701 286 878 355 ‘stmulunffi
905 309 966 348 com
986 295 1022 349 sit
1038 297 1172 352 eximium

196 377 327 449 cuiusque
346 375 448 432 donum
475 376 655 452 promerendo
678 379 794 451 cepisse,
818 379 874 433 eius
908 377 1060 434 iocunditas
1090 379 1172 434 nulla

195 459 281 516 litium
308 459 475 518 tristitudine
497 463 642 517 minuatur.
697 459 750 534 (8.)
781 459 891 529 Quodsi
913 455 974 518 'lu2
1000 463 1170 537 expectanda

152 545 154 550 '
196 559 275 600 causa
301 544 466 618 dicendaque
479 547 615 602 sententio
632 545 696 601 orba
711 546 826 620 publico¹
841 547 997 616 testimonio
1019 546 1170 602 liberalitas

196 645 300 684 caecam
316 631 429 702 gratiam
445 630 631 704 obscurasque
653 640 747 687 coetus
771 631 936 703 prodiderit:
960 619 1086 705 quoniam
1107 631 1169 688 sola

25 771 28 776 ,
196 713 269 768 fraus
292 715 401 788 cognita
423 723 478 778 est,
496 732 604 779 eorum,
628 733 696 788 quae
711 715 809 771 donata
825 714 965 778 dicuntur,
983 723 1084 771 temere
1109 732 1169 771 non

78 798 249 868 [seqanperit
272 795 337 854 tides
354 791 524 875 accilpieuda,
541 799 588 856 sed
604 817 635 855 ea
651 793 809 856 'alienatio³
824 808 892 856 reta
910 801 1070 870 habebitur,
1088 815 1168 874 qnae

101 879 166 945 lor·
194 883 310 954 publice
330 882 415 954 faeta
432 891 482 947 est,
495 889 666 958 reliquorum
689 885 788 939 relecta
807 884 850 940 uel
872 891 1007 956 suspecta
1030 885 1166 942 babendo

197 969 378 1040 atiepatione,
402 971 469 1026 lieet
485 971 660 1026 contendant
682 969 818 1024 uniuersis
835 968 939 1032 studiis.
958 975 1033 1024 recte·
1048 976 1166 1040 recepto
1269 1011 1271 1042 3

197 1055 261 1106 iure
277 1053 330 1108 sibi
344 1054 479 1110 donatam
501 1070 578 1124 esse,
603 1056 752 1126 sopitoque
771 1055 841 1130 lepis
863 1053 979 1108 Cinciae
998 1055 1070 1116 iure,
1089 1053 1164 1128 quod

198 1133 350 1209 quibusque
365 1138 445 1194 rebus
461 1139 575 1196 donatis
592 1155 673 1194 snam
684 1135 895 1209 perfectionem
910 1129 1166 1209 praescribebat.⁴

206 1221 308 1277 Veram
336 1229 432 1294 postea
461 1223 628 1295 perfectione
651 1221 774 1279 iacienda
807 1225 888 1278 anila
921 1223 978 1278 nisi
1007 1225 1167 1278 seeundum

197 1312 316 1362 nostrae
333 1309 404 1380 lepis
423 1315 601 1380 praecepta,
624 1310 709 1362 etiam
722 1306 874 1363 *uerborum
896 1306 992 1362 deinde
1014 1322 1075 1362 esse
1090 1305 1167 1378 quic-

198 1405 277 1464 quam
294 1397 434 1454 aeternius,
451 1395 528 1466 qrcod
541 1395 710 1448 desecationes
724 1395 823 1448 ualeat
834 1395 996 1464 perficere,
1021 1393 1166 1460 cumipse

198 1474 259 1547 lege
275 1483 438 1532 commutata
453 1479 539 1533 uerba
561 1493 673 1550 qnoque
694 1479 851 1532 secundnm
867 1492 936 1532 ‘eam
959 1481 1101 1546 conuenta
1124 1478 1165 1530 ni·

199 1562 312 1614 ternant
327 1563 356 1614 in
372 1563 573 1620 donationibus
583 1567 652 1632 past
672 1561 815 1623 iaciendis,
839 1576 927 1633 neque
948 1559 1028 1616 ullam
1050 1566 1165 1616 contro-

201 1645 325 1698 uersiam
341 1646 541 1704 donationibus
555 1650 611 1701 iam
624 1643 717 1716 factio
732 1649 863 1702 notamus
876 1643 1003 1707 conflare,
1017 1659 1076 1698 cum
1093 1643 1167 1698 luto·

198 1728 234 1782 ris
255 1728 297 1782 ius
317 1745 370 1802 per
384 1733 463 1788 irinc
479 1733 717 1788 consultissimam
741 1733 829 1803 lepern
845 1735 1005 1802 ponamus,
1028 1735 1111 1801 quae,
1134 1733 1165 1781 ut

158 1877 164 1880 ,
198 1829 291 1869 omncs
309 1823 481 1891 cognoscant
499 1822 586 1887 atque
602 1816 769 1883 obsernent,
787 1818 866 1886 qicod
886 1817 1049 1882 statuimus,
1073 1815 1165 1868 edicto

194 1903 392 1974 promaipanti
408 1909 455 1956 tuo
470 1897 645 1972 praeferenda
661 1893 733 1954 est.5
756 1897 1165 1956 Pr.111.nan.t¹eo.senero

200 1992 227 2040 et
242 1987 350 2058 Rrrfino
365 1978 478 2040 conssss
492 1984 519 2038 iu
534 1983 595 2038 soro
612 1982 666 2038 diui
687 1983 815 2039 Traiani.

109 2072 185 2152 Ἢ
252 2066 331 2128 250.
356 2061 561 2140 ’Papinianus'
586 2065 632 2126 lib.
658 2067 712 2125 llll.
744 2067 956 2140 llespousoruar.
980 2065 1166 2140 inperfectam

113 2141 381 2212 restaurationem
395 2170 473 2210 moro
495 2155 660 2224 confirmat,
677 2157 703 2208 si
716 2156 840 2208 (enimam
859 2151 1032 2227 liberalitatis¹
1047 2153 1165 2206 nouissi-

200 2259 274 2296 mam
289 2244 318 2296 in
334 2244 412 2296 nilne
428 2240 500 2295 diem
510 2253 724 2310 perseuerasse
741 2243 861 2293 canstat.

201 2423 240 2472 liis
259 2423 298 2471 ed.
318 2419 411 2472 Hollw.
498 2418 529 2484 ⁵¹)
554 2417 603 2472 W.
625 2421 665 2468 ed.
683 2419 774 2469 Manis.
810 2425 834 2466 ut
852 2433 897 2467 orn.
921 2417 980 2470 Vnt.
1067 2415 1089 2480 ²)
1113 2415 1163 2466 Vd.

118 2527 122 2533 .
200 2491 239 2541 ed.
259 2488 350 2538 Moeno.
390 2491 413 2539 in
432 2505 477 2538 am.
500 2489 560 2537 Vnt.
633 2485 653 2545 ³)
674 2488 819 2536 alienatione
838 2487 878 2538 ed.
897 2485 991 2536 Holiw.
1028 2483 1166 2550 Sequentia

200 2558 307 2606 restitui.
361 2554 381 2619 ⁴)
401 2557 447 2606 Ins
462 2557 599 2620 perfectae
616 2561 642 2604 et
658 2555 823 2621 imperfectae
842 2555 987 2606 donationis
1003 2554 1058 2616 depe
1076 2552 1165 2604 Ginaia

200 2626 322 2674 sancitum
343 2627 418 2690 idque
440 2624 578 2688 aliqnando
605 2637 730 2684 eoeprcsse
753 2621 870 2671 abolitam
898 2637 966 2677 esse,
995 2627 1108 2684 apparet
1129 2637 1164 2672 em

202 2693 264 2742 Nou.
284 2702 328 2744 toi.
349 2709 370 2742 c.
390 2703 407 2741 1.
426 2707 466 2754 pr.
487 2687 515 2753 §-
535 2699 554 2742 1.
642 2687 663 2750 5)
689 2689 727 2752 Cf.
746 2690 779 2740 L.
798 2698 817 2740 7.
841 2687 885 2739 Tr.
907 2687 934 2738 0.
954 2690 985 2738 de
1004 2703 1078 2736 cursa
1094 2688 1163 2752 pubi.

203 2759 236 2824 (8,
255 2761 287 2824 5),
324 2761 356 2810 L.
376 2770 395 2810 1.
418 2757 461 2810 Ti.
482 2757 510 2812 Ο.
530 2758 618 2822 siper
635 2756 733 2820 obrept.
753 2755 801 2818 (u,
821 2755 864 2818 13).
900 2755 933 2807 L.
952 2763 985 2808 tl.
1014 2753 1058 2806 Ti.
1081 2755 1106 2805 C.
1132 2757 1163 2806 de

202 2831 279 2890 epioe.
299 2831 359 2878 ecci.
380 2824 424 2888 (16,
444 2824 476 2889 2),
502 2827 604 2874 Itaereel
620 2825 711 2887 Praef.
730 2825 767 2874 ad
787 2823 830 2873 tn.
844 2823 872 2873 0.
888 2840 916 2887 p.
931 2823 990 2875 XL.
1041 2822 1061 2885 8)
1082 2839 1105 2872 α.
1119 2831 1163 2874 3²3.

202 2897 257 2946 Alii
274 2895 368 2946 Sabina
387 2894 519 2955 ermanno
538 2909 619 2942 conso.
640 2890 674 2955 (a.
695 2892 760 2954 tto),
779 2891 928 2956 sabsmiptts
946 2893 1012 2955 Lepi
1030 2899 1049 2942 t.
1071 2889 1114 2939 Tb.
1134 2890 1161 2946 0.

202 2965 233 3012 de
257 2964 344 3013 donat.
365 2959 410 3023 (cf.
429 2967 480 3010 not.
498 2961 544 3024 o),
564 2961 587 3022 i,
607 2963 622 3010 l.
642 2959 789 3011 attribuant.
827 2958 866 3020 Os.
885 2960 996 3008 Haenel.
1016 2960 1052 3008 ad
1072 2957 1114 3006 Ta.
1137 2959 1163 3008 C.

199 3047 228 3094 p.
247 3037 292 3078 tot.
312 3038 349 3078 til
367 3045 420 3094 seq.
455 3029 570 3079 Momoen
588 3030 624 3077 nd
639 3029 663 3076 i.
683 3029 698 3078 l.
724 3026 801 3076 'Miln'
821 3025 865 3080 Ta.
887 3025 913 3076 O.
934 3031 1122 3077 constructores
1138 3027 1165 3076 in

98 3141 101 3145 .
202 3099 249 3147 linc
266 3093 452 3162 edbocriptione
470 3113 572 3147 errasse
595 3102 621 3144 nt
642 3097 668 3144 in
689 3097 771 3144 mettio
792 3097 849 3144 aliis
868 3092 988 3157 (Haeret.
1014 3095 1050 3144 nd
1073 3094 1117 3144 Tb.
1136 3093 1163 3144 0.

202 3167 293 3228 Praef.
308 3183 337 3230 p.
358 3163 521 3227 XXXVII.)
539 3165 662 3214 videnter.
765 3161 787 3225 ⁷)
811 3163 856 3212 Ita
874 3162 938 3212 Mai.
958 3161 1055 3213 enam.
1074 3162 1162 3214 Momo.

202 3236 267 3287 Paul.
287 3236 327 3287 eri.
347 3235 440 3286 Hoiiw.
477 3233 531 3282 Sed
551 3232 703 3296 arqamentie
721 3229 831 3287 nicena,
855 3231 995 3294 Papiniani
1016 3229 1079 3280 daec
1102 3246 1163 3288 esse,

203 3304 314 3361 aceedit,
338 3303 406 3368 qnod
427 3301 596 3364 Papinianum
619 3296 666 3362 (L.
686 3307 718 3347 to.
737 3307 769 3346 31.
794 3298 828 3347 l).
852 3300 883 3348 de
906 3300 992 3348 darant.
1012 3306 1049 3356 39,
1068 3308 1089 3347 5.
1126 3298 1164 3360 Cf,

145 3429 148 3434 1
203 3370 235 3418 L.
253 3379 286 3418 te.
306 3370 338 3421 D.
360 3371 391 3418 de
409 3376 482 3419 mort.
501 3383 523 3416 c.
545 3368 603 3420 don.
622 3375 654 3425 39,
673 3365 709 3431 6),
729 3379 778 3415 non
796 3365 921 3424 Paullum,
940 3365 987 3416 boc
1005 3365 1082 3430 Recp.
1102 3365 1164 3415 iibr'o

204 3439 235 3486 de
259 3436 436 3487 donationibus
458 3437 540 3500 epiose
562 3441 668 3486 emetat.
709 3431 864 3498 Sententiam
885 3435 1042 3484 restituenda
1064 3435 1163 3484 demon·

1197 3723 1271 3986 q
