2634 3960
9 3619 21 3622 2
7 3591 16 3608 ⁷
7 3465 29 3584 W*
7 3447 16 3458 ⁷2
7 3423 18 3442 -Ψ
9 3413 20 3418 2
7 3197 27 3408 “st-“sz‘n-ffff
7 2933 29 3190 πῂπῑζ*
7 2903 12 2926 Ἀ
7 2819 18 2894 *τ’*

7 3609 88 3664 f?
45 3031 65 3050 .

389 403 653 468 HERENNIVS
681 403 984 468 MODESTINVS.

493 561 535 618 Ειι
551 562 652 618 libris
668 557 900 638 Regularuim.

269 663 293 722 1.
321 659 508 721 ¹Modestinus
524 664 680 738 regulorum
695 663 765 720 libro
781 664 824 721 IX.
832 657 844 694 ²
861 663 911 719 suh
932 664 1013 720 titulo
1035 664 1068 720 de
1093 664 1176 722 honis

205 750 366 805 libertorum
389 758 416 803 et
442 748 476 803 de
498 751 681 804 testamentis:
709 744 792 804 ‘Cum
819 751 846 803 in
872 757 1035 804 testamento
1061 749 1120 804 dies
1147 759 1176 806 et

206 833 334 890 consules
346 833 443 888 adiecti
459 850 514 888 non
530 841 682 896 sunt,‹nou
698 841 787 895 innuet,
812 834 959 906 quominus
982 834 1069 888 ualeat
1090 840 1178 889 testa·

114 987 117 996 Ι
182 918 384 994 'mentum’q

442 1017 603 1074 Exlibris
626 1012 922 1093 Differentiaruim.

268 1115 295 1176 2.
321 1113 430 1175 3Ἱιιῑιιι
453 1137 529 1184 eum,
552 1121 598 1192 qui
618 1121 645 1174 in
666 1119 781 1174 insulam
808 1119 954 1193 relegatur,
983 1130 1010 1175 et
1033 1135 1103 1182 eum,
1126 1123 1174 1194 qui

205 1205 372 1279 deportatur,
395 1221 490 1278 magne
512 1204 661 1259 differentia
685 1205 759 1267 est’‚
787 1211 817 1258 ut
839 1205 874 1258 ait
895 1203 1062 1268 Herennium
1084 1206 1175 1278 primo

206 1289 280 1363 quod
303 1289 454 1363 relegatum
475 1287 545 1343 hona
574 1296 741 1360 sequuntur,
764 1289 817 1343 nisi
836 1283 938 1344 suerint
966 1291 1101 1344 sententia
1128 1288 1175 1343 ad·

164 1429 166 1438 .
205 1383 301 1447 emptu,
319 1374 491 1446 deportatum
508 1390 564 1429 non
585 1382 751 1445 sequnntur,
768 1373 819 1428 nisi
836 1371 921 1446 palam
938 1374 962 1428 ei
983 1371 1085 1428 suerint
1108 1390 1175 1428 oon-

205 1474 295 1514 oessa:
316 1459 353 1513 ita
374 1455 418 1518 fit,
435 1464 466 1510 ut
487 1456 609 1530 relegato
637 1457 801 1512 mentionem
827 1456 962 1512 honorum
987 1459 1013 1512 in
1038 1459 1174 1513 sententio

205 1559 261 1597 non
278 1540 368 1596 haberi
383 1542 485 1612 prosit,
508 1541 653 1614 deportato
669 1547 775 1596 nooeut.
814 1539 880 1596 item
902 1541 1003 1596 distant
1024 1543 1098 1603 etin
1119 1541 1174 1597 looi

186 1626 348 1699 inqualitate,
372 1624 445 1697 quod
467 1641 526 1679 oum
548 1625 670 1698 relegato
699 1625 807 1721 quidem
833 1626 975 1680 humanius
1002 1628 1174 1700 transigitur,

207 1708 358 1783 deportatis
375 1724 440 1763 uero
458 1709 508 1764 hae
523 1709 613 1764 solent
628 1708 732 1765 insulae
748 1710 895 1782 assignari,
918 1718 1066 1782 quaesunt
1082 1727 1175 1783 asper·

206 1796 298 1857 rimae,
322 1809 448 1867 quaeque
469 1801 534 1848 sunt
555 1793 659 1866 paulo'
667 1797 770 1849 lentius
792 1787 922 1864 sumpto*
945 1794 1079 1868 supplicio
1100 1811 1175 1848 com-

206 1878 348 1952 parotidas.

275 2059 295 2125 ¹)
316 2063 426 2112 Primum
444 2061 507 2110 ituec
520 2077 556 2109 etc
572 2062 658 2124 iquoto
677 2075 693 2108 a
705 2062 785 2109 Petro
803 2068 879 2122 patre
897 2075 942 2110 suo
961 2067 1067 2123 accepto
1085 2062 1174 2110 codice
1217 2113 1220 2118 ,

205 2145 248 2178 ms.
268 2146 322 2178 aum
340 2129 407 2181 Mos.
428 2135 453 2177 et
466 2129 537 2180 Rom.
558 2131 637 2191 tequm
657 2128 796 2178 Collatioue
815 2129 901 2177 Lutet.
922 2137 979 2182 1573.
1000 2145 1025 2192 p.
1039 2137 1072 2178 ot.
1093 2129 1176 2178 edidit

206 2199 237 2248 Ρ.
256 2198 390 2254 Pitanem,
408 2203 561 2259 postremum
579 2197 681 2244 adiecta
699 2197 790 2244 notitia
813 2197 942 2244 litteraria
958 2195 1130 2258 Boecleinpius
1147 2198 1175 2244 im

206 2266 246 2315 ed.
273 2265 330 2328 Uip.
352 2265 447 2328 sraqm,
472 2271 530 2312 1855.
552 2279 580 2326 p.
601 2272 644 2314 179.
742 2261 762 2326 ²)
787 2277 824 2311 111
847 2265 888 2316 ed.
913 2264 981 2316 Pith.
1006 2264 1123 2312 correxit
1146 2263 1173 2312 Ι.

208 2333 327 2394 Gotiofr.
363 2332 452 2395 Neque
470 2332 534 2378 euim
551 2344 589 2380 111.
607 2332 656 2379 sed
677 2330 742 2380 libro
764 2343 797 2380 ιιι.
816 2331 977 2380 Modestinus
999 2337 1025 2379 et
1047 2333 1078 2380 de
1101 2331 1176 2380 bonis

207 2400 352 2449 libertorum
370 2395 414 2460 (L.
433 2407 453 2446 9.
472 2399 504 2446 I).
526 2399 557 2447 de
576 2400 593 2447 i.
609 2404 715 2461 patron.
735 2407 767 2455 ³7,
787 2396 822 2461 14)
842 2406 866 2447 et
885 2400 916 2447 de
936 2401 1091 2447 testamentis
1108 2401 1175 2460 epit.-

206 2469 372 2529 uideuturque
391 2467 445 2514 etus
464 2467 553 2527 operis
571 2468 673 2516 codices
696 2467 771 2515 etium
792 2468 915 2515 miscellos
939 2468 1023 2515 titulos
1045 2465 1174 2524 habuisse,

209 2532 297 2598 quibus
316 2534 501 2588 diomedem,
520 2549 571 2583 uam
589 2533 620 2583 ab
638 2536 695 2598 ipso
714 2541 804 2590 tamen,
823 2541 851 2583 ut
861 2541 931 2596 puto,
951 2533 1107 2594 Modestiae,
1127 2535 1174 2584 ad-

207 2602 322 2663 scriptae
341 2607 366 2649 et
384 2602 523 2664 inscriptae
542 2608 623 2651 eraut.
692 2598 713 2666 ³)
733 2601 809 2650 Haec
827 2601 950 2651 debentur
973 2601 1174 2666 codicibusqui·

207 2669 310 2718 busdam
333 2667 477 2718 Isidorioui
493 2669 704 2732 Differentiarum
726 2669 792 2720 libri.
834 2669 880 2718 Ea
903 2670 954 2718 ulio
976 2671 1072 2732 prierius
1095 2668 1173 2732 Casp.

207 2735 330 2785 Bartiius
347 2737 448 2786 advers.
467 2744 499 2793 39,
519 2746 560 2795 lt,
581 2753 616 2786 eoa
634 2738 685 2787 atio
698 2737 825 2785 Areuuius
843 2739 869 2785 iu
888 2737 989 2787 Isidori
1006 2738 1046 2786 ed.
1060 2737 1175 2786 Romana

209 2803 237 2854 Τ.
261 2804 292 2856 V.
312 2821 338 2867 p.
357 2813 389 2853 26.
410 2805 498 2854 edidit.
537 2805 673 2869 Utriusque
692 2805 822 2854 lectionem
840 2805 979 2868 composuit
995 2804 1175 2854 Lacimaunus

206 2873 330 2924 Zeitscir.
347 2872 369 2934 f.
387 2873 472 2935 pescli.
485 2872 559 2922 RW.
576 2872 627 2923 XI.
644 2889 673 2935 p.
689 2881 734 2920 115.
769 2872 925 2921 Postremum
937 2871 1108 2933 Boeekinqius
1120 2873 1136 2920 i.
1151 2886 1174 2919 e.

203 2957 231 3003 p.
248 2949 291 2989 tou.
313 2941 400 2997 edidit,
420 2956 492 3004 quem
508 2941 566 3001 fere
583 2943 718 3004 sequimur.
743 2939 824 2988 Libro
842 2939 867 2989 l.
889 2941 1090 3004 differentiarum
1108 2938 1174 2986 laune

205 3012 284 3056 locum
307 3007 463 3056 tribuendum
482 3023 545 3064 esse,
564 3009 629 3056 idem
646 3008 676 3057 ob
695 3009 727 3056 L.
742 3016 775 3058 tt.
793 3007 826 3058 J).
844 3009 875 3056 de
890 3009 982 3070 poenis
1001 3007 1043 3068 (48,
1059 3004 1092 3068 19)
1111 3019 1173 3054 eon-

205 3076 272 3124 iecit.
313 3075 358 3123 Ad
376 3090 429 3124 rem
447 3075 482 3137 cf.
501 3075 598 3124 Isidor.
618 3078 684 3138 arip.
702 3085 722 3136 o,
741 3084 773 3124 27.
793 3074 820 3138 8.
839 3085 870 3122 29.
900 3075 932 3124 J..
951 3085 972 3124 4.
1000 3075 1032 3124 L.
1052 3081 1085 3124 it.
1105 3070 1132 3136 S.
1152 3083 1173 3123 1.

206 3143 239 3192 L.
254 3151 277 3190 18
292 3159 333 3205 pr.
353 3143 386 3189 D.
407 3145 438 3192 de
457 3144 549 3191 interd.
564 3145 648 3193 etret.
664 3144 706 3204 (48,
720 3141 765 3205 tt).
818 3139 841 3206 4)
860 3142 974 3206 Scripsi,·
993 3144 1070 3191 minus
1083 3156 1174 3190 summo

206 3211 264 3260 edd.
296 3211 335 3276 Os.
354 3211 421 3262 Ptin.
435 3211 467 3260 N.
481 3211 517 3258 H.
534 3219 565 3267 tt,
579 3219 612 3267 to,
626 3219 658 3259 30.
679 3211 744 3259 ‘uisi
756 3212 824 3275 quod
833 3214 955 3275 prauiore
967 3211 1094 3274 supplicio
1106 3211 1174 3258 lerata

205 3294 254 3341 per
274 3279 381 3328 triduum
398 3285 478 3328 morte
495 3279 653 3339 conficiunt&

570 3447 805 3457 ——ss—...wn
