2634 3960
207 176 257 226 486
393 187 507 224 boumn
526 187 644 226 vnersur
662 187 765 224 saecu.
785 175 813 222 Χ.
834 175 942 224 2.-ΧΙ.
962 177 984 224 1.

208 331 235 386 id
256 338 298 386 est
319 331 342 385 si
357 337 533 404 posteaquam
549 331 691 403 mancipati
707 330 831 392 tuerint·
846 331 1002 386 manumissi
1017 333 1081 392 sint.
1128 333 1176 388 sed

19 415 35 422 ”
109 419 198 485 letati
211 413 280 470 lilius
304 415 412 487 quidem
436 406 477 470 ter
497 416 676 487 mancipatus,
703 422 746 470 ter
768 415 946 470 manumissus
964 409 967 490 i
985 417 1027 470 sui
1048 417 1113 472 iuris
1132 415 1175 481 flu

7 571 8 574 Ἴ
208 499 236 554 id
261 503 333 556 enim
354 499 398 558 lex
420 498 563 555 duodecim
583 498 734 555 tabularum
754 499 830 554 iubet
850 499 892 554 his
914 499 1020 556 uerbisz'
1046 500 1085 556 ‘si
1101 510 1178 574 pater

113 607 115 611 ·
210 583 294 641 filium
317 593 360 639 ter
381 575 729 646 ’uenunduuit‚1⁵²filius
754 592 866 657 apatre
888 582 1055 640 iiberesto.’
1093 588 1178 641 ceteri

7 665 9 694 ³
211 678 300 724 autem
321 666 399 724 liberi
420 676 528 742 praeter
549 667 647 730 filium,
672 676 726 724 tam
747 667 858 724 masculi
874 683 954 741 quam
969 670 1097 733 feminae,
1125 687 1178 726 una

33 803 35 810 ,
211 755 407 826 mancipatione
428 753 692 826 manumissioneque
717 754 759 812 sui
784 754 851 809 iuris
874 751 951 810 finiit.
1011 753 1040 812 2.
1072 747 1178 811 3Μονῑθ

112 827 113 834 '
210 840 301 911 patris
315 836 386 892 filius
408 845 435 892 et
455 836 510 893 filia
525 839 567 892 sui
587 839 653 892 iuris
675 837 758 894 fiunt:
781 844 868 892 morte
888 845 977 894 autem
997 842 1042 895 aui
1064 848 1179 913 nepotes

212 925 249 978 ita
274 923 381 978 demum
403 923 446 977 sui
466 924 532 976 iuris
553 921 636 984 fiunt,
663 924 686 979 si
706 931 769 996 post
792 928 907 978 mortem
928 924 972 978 aui
994 925 1022 980 in
1042 932 1179 997 potestate
1208 934 1210 938 ’

212 1007 294 1080 patris
310 1006 395 1062 futuri
410 1022 466 1062 non
482 1014 559 1070 sunt,
582 1007 658 1062 uelut
679 1010 702 1063 si
717 1009 849 1062 moriente
865 1022 915 1062 ano
931 1017 1008 1080 pater
1023 1015 1118 1065 eorum
1134 1016 1180 1064 aut

191 1093 292 1146 'etiam
317 1092 433 1148 decessit
454 1091 555 1147 aut'de
575 1099 710 1164 potestate
731 1093 856 1147 dimissus
878 1098 935 1146 est:
963 1109 1024 1148 nam
1045 1095 1069 1148 si
1084 1095 1179 1150 mortis

212 1177 254 1230 aui
274 1185 399 1250 tempore
413 1185 491 1249 pater
506 1193 600 1232 eorum
614 1177 642 1232 in
656 1184 793 1249 potestate
815 1176 872 1231 eins
888 1177 937 1237 sit,
959 1185 1067 1233 mortuo
1084 1195 1135 1234 auo
1151 1180 1180 1234 in

212 1261 353 1334 patrissui
375 1257 511 1334 potestate
528 1259 605 1317 fiunt.
649 1258 690 1318 ,3.
716 1253 762 1316 ⁴¹Si
778 1261 847 1334 patri
865 1260 979 1317 usitilia
996 1279 1065 1335 aqua
1081 1271 1108 1318 et
1122 1263 1181 1336 igni

213 1345 387 1402 interdictum
402 1347 450 1408 sit,
466 1347 552 1418 patria
567 1352 688 1418 potestas
705 1345 823 1408 tollitur,
846 1346 908 1418 quia
923 1348 1085 1420 peregrinus
1102 1345 1132 1402 fit
1147 1349 1179 1409 is,

214 1430 257 1484 cui
279 1447 347 1503 aqna
368 1437 395 1485 et
415 1431 473 1502 igni
493 1430 666 1484 interdictum
682 1438 737 1493 est;
768 1429 871 1503 ’neque
887 1425 997 1496 autem⁵
1018 1433 1179 1506 peregrinus

214 1515 300 1567 ciuem
311 1511 468 1576 Romanum,
485 1531 574 1587 neque
590 1516 656 1569 ciuis
667 1513 802 1570 Romanus
819 1516 991 1588 peregrinum
1004 1517 1032 1571 in
1044 1523 1180 1590 potestate

214 1595 314 1673 habere
329 1605 430 1670 potest.
483 1595 512 1653 4.
538 1595 585 1653 tiSi
600 1607 677 1672 pater
692 1597 724 1653 ab
740 1597 864 1654 hostibus
881 1595 974 1672 captus
990 1601 1039 1663 sit,
1057 1601 1179 1673 quamuis

215 1697 311 1736 seruus
327 1682 447 1737 hostium
463 1682 517 1744 dat,
535 1692 700 1739 tamencum
716 1699 841 1738 reuersus
857 1683 950 1746 suerit,
968 1685 1056 1739 omnia
1067 1686 1181 1757 pristina

215 1767 274 1821 iura
293 1769 389 1840 recipit
410 1768 467 1824 iure
488 1766 655 1840 postliminii.
683 1795 686 1801 ·
706 1768 756 1823 sed
781 1767 907 1841 quamdiu
929 1779 994 1840 aput
1015 1769 1106 1823 hostes
1128 1776 1179 1830 est,

215 1851 300 1924 patria
315 1859 437 1924 potestas
459 1853 531 1907 'eius
547 1853 575 1907 in
592 1845 666 1908 tilio⁷
682 1853 790 1907 interim
806 1851 946 1924 pendebit;
970 1861 997 1908 et
1013 1869 1072 1908 eum
1088 1867 1181 1906 reuer-

215 1952 261 1989 sus
278 1927 359 1991 suerit
375 1935 406 1992 ab
422 1935 561 1998 hostibus,
584 1939 611 1993 iu
627 1944 762 2010 potestate
779 1935 862 1992 tilium
880 1934 999 2000 hahebit;
1023 1939 1045 1992 si
1063 1953 1129 1992 uero
1144 1935 1183 1992 ibi

62 2073 63 2076 ,
116 2019 375 2087 lathodecesserit‚
403 2023 445 2077 sui
470 2023 536 2077 iuris
563 2019 633 2077 filius
660 2023 720 2077 erit.
770 2020 854 2076 Filius
881 2034 990 2094 quoque
1013 2015 1017 2099 )
1041 2023 1063 2077 si
1089 2029 1182 2095 captus

128 2128 129 2131 ¹
215 2104 297 2160 fuerit
326 2105 358 2160 ab
389 2106 527 2169 hostibus,
558 2105 681 2162 similiter
707 2114 820 2180 propter
846 2107 886 2161 ins
913 2105 1073 2178 postliminii
1097 2106 1183 2179 patria

215 2199 335 2262 potestas
358 2192 465 2264 interim
486 2191 625 2265 pendebit.
684 2188 711 2247 5.
738 2185 784 2246 8ln
807 2197 943 2264 potestate
963 2199 1107 2264 parentum
1124 2206 1183 2246 esse

216 2273 343 2332 desinunt
359 2285 385 2330 et
401 2277 442 2338 hi,
464 2277 509 2348 qui
525 2275 646 2333 flamines
662 2273 750 2334 Diales
765 2276 977 2351 inaugurantur,
1001 2283 1028 2331 et
1045 2292 1113 2349 quae
1129 2276 1183 2330 uir·

218 2360 295 2431 gines
311 2360 412 2416 Vestae
428 2361 581 2432 capiuntur.
602 2355 695 2420 *ss9

518 2513 581 2553 nna.
597 2481 640 2554 nr.
678 2514 720 2553 nn
737 2512 880 2556 crumas.
961 2492 965 2501 ’

282 2608 306 2668 l.
338 2604 500 2670 ¹⁰⁰'iutores
522 2617 727 2672 constituuntur
748 2623 801 2671 tam
822 2614 947 2671 masculis
969 2600 1048 2687 quam
1064 2613 1183 2668 feminis:

218 2695 266 2750 sed
292 2698 417 2754 masculis
448 2699 555 2773 quidem
584 2699 760 2774 impuberibus
786 2699 923 2756 dumtaxat
949 2707 1062 2773 propter
1089 2699 1183 2752 aetatis

218 2779 412 2847 infirmitatem
440 2781 546 2841 seminis
568 2791 657 2840 autem
678 2783 758 2858 (tam)
779 2783 955 2858 impuberibus
978 2799 1056 2856 quam
1077 2779 1184 2854 puberi·

218 2865 267 2922 bus
283 2875 310 2922 et
324 2877 438 2941 propter
453 2885 534 2926 sexus
550 2867 732 2926 infirmitatem
752 2878 780 2925 et
794 2877 909 2944 propter
929 2867 1077 2924 forensium
1093 2877 1183 2918 rerum

218 2952 408 3023 ignorantiam.

220 3063 423 3076 —fi-——

219 3128 262 3194 ¹⁵²)
282 3135 426 3185 nenundauit
447 3136 508 3187 Vct.
539 3151 721 3188 vnuvunnnrr
745 3138 784 3188 ed.
805 3134 856 3201 Bp.
893 3135 947 3185 Sed
965 3135 1015 3196 fut.
1035 3142 1055 3182 t.
1074 3145 1124 3181 non
1147 3136 1186 3178 est

218 3199 365 3254 duiuetoei.
434 3201 455 3266 8)
477 3203 516 3267 Of.
537 3205 593 3254 Gai.
614 3215 632 3263 t,
652 3213 697 3257 127.
761 3203 783 3269 ⁴)
802 3204 842 3267 Cf.
863 3203 918 3254 Gai.
938 3212 956 3261 t,
977 3209 1022 3255 128,
1086 3196 1107 3263 ⁶)
1128 3197 1186 3248 Ma·

218 3269 356 3333 limusque
380 3273 451 3322 enim.
526 3271 549 3336 θ)
573 3272 613 3335 Of.
640 3273 695 3323 Gai.
717 3283 739 3330 t,
761 3281 805 3322 129.
880 3271 900 3334 7)
928 3272 952 3320 in
975 3271 1025 3320 irtio
1048 3269 1099 3317 eius
1126 3264 1184 3314 Vnt.
1225 3277 1228 3286 ·

218 3337 277 3384 edd·
347 3337 368 3402 8)
387 3339 429 3403 Cf.
451 3339 506 3390 eat.
525 3351 544 3401 1,
565 3347 609 3389 tat.
679 3338 700 3404 ⁹)
718 3342 804 3391 Periit
821 3341 901 3397 tecua,
922 3339 1008 3404 quiin
1025 3351 1099 3385 manu
1117 3349 1186 3382 mon·

219 3404 317 3464 cipioue
335 3415 393 3456 sunt
411 3409 615 3474 quemadmodum
632 3423 662 3457 eo
675 3410 730 3458 iure
744 3407 890 3457 liberentur.
909 3406 950 3468 Os.
966 3405 1022 3454 Gai.
1037 3414 1055 3464 t,
1069 3409 1188 3452 tet—tit.

221 3467 263 3529 aaa)
283 3470 324 3531 Of.
345 3472 400 3524 Gai.
421 3483 439 3533 1,
460 3483 505 3525 rra.
526 3483 570 3524 rso.
591 3484 634 3524 no.
