2590 4286
347 133 453 170 aaran.
472 133 532 170 ivn.
548 133 613 168 aon.
634 132 726 169 sumo.
740 119 905 170 tat-253⁶.
1060 122 1108 170 691

207 271 269 331 251.
293 267 403 330 ⁶⁸ltem.
435 275 495 330 Non
510 275 763 332 ideodonationem
784 277 909 346 aedium,
924 245 1109 348 possessione

43 376 45 379 ·
143 380 160 416 a
182 368 274 419 matre
293 363 447 430 praesenti
460 357 530 414 filiae
551 359 664 430 tradita,
686 359 787 432 placuit
806 363 919 416 irritum
935 376 1010 431 esse,
1034 365 1111 434 quod

142 453 234 502 mater
248 445 452 502 habitationem
468 448 542 500 eitra
556 449 760 516 proprietatem
782 443 832 500 sibi
851 446 999 518 recepisset
1011 453 1047 502 ‘et
1068 451 1108 502 ito

143 536 172 587 in
183 533 366 601 possessione
381 531 494 585 aedium
509 533 669 585 mansisset.

206 609 273 671 tit.
298 605 391 668 9item.
428 612 493 668 Cum
514 621 599 669 mater
618 611 721 668 absenti
743 609 799 668 filio
822 655 952 669 ......
981 614 1013 669 ad
1046 631 1107 670 enni

144 699 217 760 ieoit,
233 715 299 771 quas
314 705 485 770 procurator
502 739 634 754 ......
659 713 727 770 qnae
742 698 921 754 instrumenta
936 698 1109 771 praediorum

142 801 180 839 o.
200 823 308 838 .....
329 781 501 856 praediorum
520 783 554 837 nd
574 780 659 838 lilium
678 800 696 856 p
713 821 848 838 ......
871 782 916 838 uel
939 785 1025 838 seruis
1052 785 1109 839 eius

148 867 244 922 tradita
259 883 315 921 non
331 907 338 921 .
357 908 364 921 .
434 909 439 921 .
459 909 465 922 .
486 867 668 940 praediorum
689 867 721 921 ad
743 865 827 922 lilium
848 883 953 940 pernen
975 909 1107 923 ......

143 958 286 1007 maternae
303 949 452 1007 uoluntatis
468 959 495 1007 et
512 953 536 1006 ei
553 992 685 1007 ......
702 967 781 1006 aansa
801 952 890 1006 redire
910 953 1058 1008 iussisset.
1077 994 1083 1006 .
1102 995 1108 1008 .

144 1080 149 1091 .
170 1079 175 1090 .
194 1078 201 1091 .
223 1035 425 1108 possessionem
443 1035 615 1108 praediorum
631 1075 765 1090 ......
786 1043 918 1090 constare.
937 1029 1059 1094 252³·50
1077 1079 1083 1092 .
1102 1079 1108 1092 .
1183 1103 1186 1112 ‚

147 1163 153 1176 .
173 1163 178 1175 .
198 1163 204 1174 .
225 1163 231 1174 .
249 1119 346 1176 factam
357 1119 467 1192 praedio
480 1135 569 1192 neque
581 1123 738 1192 mancipato
756 1160 887 1174 ......
905 1119 1040 1175 habuisse.
1060 1119 1110 1175 lie·

145 1203 252 1278 spondi,
268 1220 319 1260 neo
331 1201 522 1260 fidoieommtss
538 1246 671 1259 ......
688 1205 717 1258 in
732 1203 797 1259 aede
810 1219 883 1259 saera
895 1203 984 1259 aedito
1001 1246 1108 1260 .....

146 1291 211 1345 teris
226 1297 290 1362 post
306 1296 422 1344 mortem
437 1306 517 1344 suam
534 1330 666 1344 ......
683 1295 873 1362 postmortem
889 1291 964 1344 snam
981 1332 987 1344 .
1006 1331 1012 1344 .
1083 1331 1088 1344 .
1104 1283 1109 1366 l

147 1417 153 1429 .
172 1419 178 1429 .
198 1416 204 1428 .
223 1415 254 1446 ..
273 1417 279 1428 .
297 1374 441 1430 redditam.
458 1417 466 1430 .
485 1416 491 1430 .
510 1415 516 1429 .
534 1375 668 1442 rationem
685 1414 819 1428 ......
835 1373 884 1435 uit,
901 1373 976 1446 qnod
991 1390 1025 1429 ne
1041 1371 1221 1432 fidu-naim]

148 1460 203 1514 eiae
220 1458 330 1514 daretur
346 1499 477 1514 ......
495 1474 560 1514 num
575 1459 686 1531 aceepit,
702 1457 867 1530 perueniret,
886 1459 931 1532 qni
949 1500 1081 1514 ......
1133 1439 1200 1505 W·

207 1539 275 1599 253.
299 1533 399 1599 1Itent.
436 1543 534 1600 Etiam
552 1558 608 1615 per
629 1546 810 1600 nonotionem
832 1535 977 1598 ’donatio2
1003 1542 1110 1616 perlici·

144 1635 197 1682 tur.
228 1625 294 1682 Cum
310 1635 399 1684 antem
415 1628 534 1684 creditor
546 1631 692 1698 pecuniae
707 1631 747 1682 ito
763 1633 842 1683 reete
858 1631 997 1699 perficiat
1018 1631 1108 1685 dona-

144 1715 253 1776 tionem,
270 1713 293 1767 si
309 1711 417 1767 debitor
431 1713 580 1787 pecuniam,
590 1729 668 1785 qnam
681 1711 792 1786 delenot
804 1715 860 1774 ilie,
873 1711 942 1769 Titio
946 1717 1107 1784 promittat,

144 1815 182 1852 aon
199 1804 226 1851 et
237 1811 295 1868 per
313 1799 373 1852 titis
392 1789 632 1855 ’contestatione³
653 1796 750 1852 foetam
771 1798 945 1853 uenationem
960 1799 1039 1852 aidem
1058 1800 1110 1868 fiet

143 1884 172 1934 in
187 1882 330 1950 praediis.
354 1885 380 1936 si
394 1897 492 1938 eornm
512 1886 637 1954 tenutam
659 1885 744 1954 quasi
759 1897 816 1953 per
836 1882 975 1953 potandam
997 1880 1110 1953 stipula·

142 1964 244 2018 tionem
262 1965 336 2018 uenit
350 1968 380 2020 in
394 1969 485 2035 litem,
503 1984 589 2038 qaam
602 1969 741 2039 deputarit
754 1969 866 2022 nomine
891 1966 980 2022 Titius
1000 1965 1109 2022 inchoa·

144 2047 201 2102 nit?
229 2046 380 2120 Respondi,
397 2052 588 2121 praediomom
608 2068 665 2106 non
687 2058 748 2106 tom
763 2057 895 2122 coeptam
920 2052 1109 2111 donationem,

144 2134 269 2190 nondum
287 2135 466 2203 possessione
487 2133 598 2196 tradita,
623 2149 701 2207 qnam
722 2135 828 2191 inritam
854 2150 931 2198 esse‚·
958 2152 1015 2190 non
1036 2136 1109 2190 enim

144 2221 186 2274 sie
200 2221 335 2288 pecnnia,
353 2226 384 2272 nt
401 2222 430 2274 in
447 2235 495 2290 ea,
511 2236 598 2291 quam
614 2221 678 2291 queis
693 2220 852 2290 deiepondo
874 2219 1000 2282 donauit,
1028 2220 1055 2273 in
1075 2218 1108 2272 iis

143 2301 259 2374 praediis
276 2301 335 2356 tuit.
363 2323 365 2325 ·

206 2383 294 2443 25³⁸.
331 2379 447 2444 'ltem.⁴
462 2387 639 2444 Donationes
653 2392 682 2444 in
699 2388 894 2444 *concubinam
914 2387 1031 2444 collutas
1052 2405 1108 2444 non
1150 2387 1152 2392 ’

144 2486 226 2543 posse
247 2473 377 2541 reuocari,
401 2475 544 2542 conuenit,
561 2488 614 2528 nec
635 2476 661 2530 si
675 2475 883 2529 matrimonium
900 2477 976 2529 inter
997 2477 1109 2532 eosdem

143 2561 243 2624 posteo
257 2556 351 2627 fuerit
367 2562 557 2620 contractum,
570 2556 603 2611 ad
618 2557 724 2612 irritum
738 2557 866 2619 recidero,
876 2561 952 2630 qnod
962 2567 1029 2616 ante
1044 2564 1108 2616 iure

145 2643 246 2698 ualuit.
278 2659 317 2696 on
339 2648 440 2700 nutem,
456 2644 599 2698 maritatis
618 2643 711 2698 donor
733 2650 760 2697 et
781 2641 886 2698 alieetio
906 2642 1010 2715 pridem
1032 2658 1109 2715 prae·

142 2807 231 2857 strooi.
269 2805 309 2869 Cf.
329 2803 376 2870 88.
396 2815 442 2858 259.
462 2815 507 2856 312.
611 2804 643 2869 58)
668 2805 789 2855 Similiter
811 2807 918 2854 restitui.
955 2805 995 2868 Cf.
1016 2805 1043 2870 S.
1062 2815 1107 2856 265.

143 2872 164 2938 ⁹)
190 2872 283 2924 Similis
305 2889 379 2924 ansus
402 2875 512 2923 tractari
538 2875 637 2929 uidetur
658 2874 691 2925 L.
716 2881 750 2922 48.
774 2873 807 2923 D.
830 2875 864 2922 de
886 2889 943 2938 uoq.
967 2889 1019 2928 rer.
1043 2876 1108 2926 dom.

144 2943 192 2999 (11,
213 2940 244 3004 1),
286 2942 325 2991 De
349 2942 469 2997 tentione,
496 2941 595 3006 stapulo
618 2941 742 3006 quaedam
764 2949 927 2992 accesserant
948 2957 983 2992 eae
1010 2943 1035 2991 V
1038 2941 1059 2995 d,
1084 2952 1111 2992 et

82 3003 85 3008 “
144 3009 235 3059 Monta.
255 3011 295 3061 ed.
384 3007 419 3072 ⁶⁰)
442 3009 540 3058 Similia
557 3010 675 3059 uidentur
693 3011 803 3058 tractari
820 3009 851 3057 L.
870 3018 904 3058 77.
925 3008 952 3072 S.
971 3018 1004 3062 no.
1023 3010 1057 3062 D.
1077 3013 1108 3060 de

144 3079 191 3139 lep.
211 3085 230 3126 t.
266 3077 298 3126 L.
318 3085 351 3129 31.
370 3075 396 3140 3.
416 3085 437 3129 3.
454 3077 488 3126 D.
508 3078 540 3126 de
558 3077 644 3126 donat.
665 3074 713 3138 (39,
732 3075 764 3139 5).
802 3077 875 3126 Noun
893 3075 920 3142 3.
940 3085 965 3127 et
984 3081 1107 3143 quaedam

144 3145 277 3192 emendato
295 3144 417 3194 debentur
439 3145 464 3193 V
467 3141 491 3193 d.
510 3150 535 3194 et
552 3143 704 3196 Mons'ed:
782 3142 801 3206 ¹)
820 3146 866 3194 Ad
881 3160 981 3195 sensum
997 3147 1105 3195 restitui.

145 3210 184 3273 Cf.
206 3211 239 3262 L.
257 3219 289 3262 76.
310 3211 336 3274 S.
356 3220 377 3262 3.-
400 3212 433 3259 D.
457 3213 489 3262 de
513 3214 560 3277 top.
578 3221 598 3265 t.
702 3209 723 3274 ²)
748 3212 792 3262 Ita
814 3229 849 3262 en
875 3211 924 3266 Vi.
948 3213 1041 3262 Moms.
1067 3215 1107 3264 ed.

144 3277 205 3328 aetio
233 3280 291 3328 Vnt.
316 3281 357 3328 ed.
380 3279 474 3329 Hoiiw.
587 3278 609 3343 ³)
632 3279 793 3344 stipulatione
816 3282 875 3330 edd.
898 3280 991 3329 Hollw.
1015 3281 1107 3332 Mons.

142 3345 164 3408 ⁴)
182 3346 289 3399 Addidi.
314 3345 637 3411 Sequitan.‘31pr.‚Ii.
656 3350 687 3398 de
707 3350 765 3400 don.
786 3347 828 3412 (31,
848 3346 879 3408 5).
907 3347 944 3410 Cf.
964 3349 997 3396 L.
1010 3356 1030 3397 3.
1045 3346 1070 3411 3.
1087 3357 1105 3396 1.

144 3416 175 3468 L.
196 3424 221 3464 58
238 3430 280 3478 pr.
299 3415 332 3464 Ι).
353 3417 385 3466 de
403 3417 460 3466 don.
482 3417 525 3468 int.
544 3417 591 3466 air.
604 3415 655 3478 '(²⁴›
674 3414 706 3478 1).

839 3499 904 3560 44*
