2588 3954
506 198 672 236 ΡΙΑΙΡΑΉΟ,
1047 201 1078 236 xt

105 341 175 396 loeis
190 340 255 402 dixi.
271 339 299 395 id
315 340 403 396 multo
419 342 505 414 magis
521 340 592 396 eadit
609 341 636 396 ln
652 339 782 414 abruptos
799 341 841 398 vel
856 339 973 398 hiatibus
988 340 1079 398 delor-

104 457 179 505 mes,
202 442 250 514 qni
269 457 328 498 uon
349 442 452 500 monas
474 449 578 498 tanturm
599 446 637 498 ita
656 441 748 498 solent
768 441 920 505 deterrere,
943 450 973 500 ut
993 458 1079 516 paene

103 543 220 598 omnino
240 541 425 617 neglegantur
443 542 636 616 fastidiumque
656 543 766 600 leotoris
788 559 870 617 saepe
891 543 971 602 etiam
993 543 1079 600 ricino

9 637 10 648 *
105 645 258 717 pertingat.
304 642 494 699 Verumtamen
509 651 540 698 ut
554 643 680 716 suppleta
695 645 785 718 aliquo
808 661 860 702 uso
880 659 943 700 ease
956 645 1078 717 possint,

105 745 160 799 imo
175 760 213 799 ne
228 745 315 817 magis
332 752 448 802 bomani
462 761 543 818 quam
558 746 678 818 prosint,
699 745 888 818 supplementa
907 746 990 802 mutis
1011 743 1079 819 legi·

106 843 157 900 bns
178 846 241 918 regi
263 851 376 917 oportet
396 859 496 918 easque
519 844 621 919 ubique
643 847 723 904 besee
742 845 898 902 observavi:
917 848 1033 919 primum
1049 854 1079 902 ut

9 979 11 1020 p
106 945 232 1002 modicus
253 945 345 1002 bintus
366 947 415 1007 sit,
436 946 610 1019 quamebrem
630 948 749 1021 plurium
769 963 910 1011 somnum,
933 949 979 1020 qui
999 947 1078 1021 plene

105 1041 288 1108 interierunt,
303 1047 491 1104 restitutiones
506 1049 666 1122 plerumque
680 1050 709 1107 in
722 1050 796 1106 notis
817 1056 921 1106 tanturn
936 1048 1019 1106 retuli
1032 1049 1079 1104 ele·

9 1185 11 1208 t
108 1146 279 1204 monstrandi
294 1163 387 1210 eausa,
404 1148 542 1221 quomode
557 1165 600 1212 ea,
618 1165 687 1223 quae
707 1143 834 1223 deinoeps
855 1148 994 1224 legantur,
1016 1165 1079 1206 eum

9 1249 10 1314 ἦ
107 1250 149 1313 iis,
167 1265 239 1323 quae
254 1247 426 1310 antecedunt,
442 1265 477 1306 ex
490 1258 581 1308 mente
591 1251 731 1324 seripturis
747 1250 925 1324 probabiliter
934 1252 1078 1306 coniuncta
1099 1255 1101 1260 ’

9 1403 11 1414 ,
110 1351 229 1406 inerint:
244 1349 343 1408 deiude
356 1349 392 1412 id.
409 1351 483 1425 qnod
498 1350 651 1426 suppletur,
664 1359 695 1408 ut
709 1353 796 1426 spatio
811 1351 975 1424 proceditis
989 1353 1079 1408 ouius·
1191 1411 1195 1422 ,

108 1468 163 1525 qne
177 1451 314 1524 scriptura
329 1453 484 1515 conveniat.
500 1461 640 1526 postremo
658 1461 688 1508 nt
707 1455 765 1510 eius
780 1452 834 1508 looi
854 1453 890 1508 sit
910 1461 938 1509 et
958 1468 993 1508 ne
1014 1453 1078 1526 quid

108 1554 264 1615 eontineat.
281 1553 309 1610 in
324 1569 379 1626 quo
401 1552 536 1616 ollendas,
555 1555 614 1610 slve
633 1569 691 1610 rem
711 1555 767 1610 sive
788 1554 938 1610 orationem
959 1562 1076 1628 spectes.

9 1651 10 1692 ἶ
110 1654 149 1709 lb
176 1655 220 1710 bis
244 1655 315 1710 enim
340 1653 422 1710 rebus
448 1655 563 1728 pendet,
590 1663 620 1710 ut
645 1654 832 1729 supplementa
860 1654 1078 1728 probabilitatem

111 1754 236 1812 babeant.
270 1753 301 1810 ln
315 1753 504 1828 probabilitate
518 1763 608 1812 autem
625 1763 698 1817 tenta
717 1771 779 1830 pers
801 1757 965 1832 cognitionis
984 1757 1079 1814 ,buma-

111 1872 160 1912 nae
174 1855 265 1930 posita
280 1863 329 1918 est,
346 1864 377 1913 ut
391 1858 439 1930 qui
453 1873 513 1913 eam
528 1859 581 1914 boe
594 1856 656 1914 loeo
672 1856 733 1912 solo
748 1857 857 1914 exulare
872 1857 970 1921 iubeat,
987 1857 1079 1914 viden·

9 2019 11 2036 1
110 1956 173 2014 dnm
188 1958 214 2012 ei
229 1960 280 2020 sit,
296 1972 330 2014 ne
351 1973 487 2031 magnum
499 1959 584 2031 ipsius
600 1960 719 2016 veritatis
735 1958 941 2033 eognoscendus
962 1958 1079 2016 fermen-
1115 2031 1120 2040 ⁸

10 2075 13 2114 ι
111 2066 168 2114 tum
183 2056 267 2116 nobis
288 2059 393 2132 eripiat.
432 2057 517 2126 Quam
538 2060 650 2118 mammo
669 2076 734 2116 vero
755 2035 836 2119 etiem
858 2059 1005 2118 cavendum
1027 2066 1078 2122 est,

110 2177 143 2216 ne
157 2159 222 2234 plns
238 2160 300 2232 qtrls
314 2158 451 2216 eiusmodi·
463 2161 658 2233 supplementis
675 2161 788 2224 tribuat,
803 2177 885 2234 qnam
900 2161 959 2233 ipse
973 2161 1006 2216 iis
1022 2161 1079 2216 vin·
1123 2243 1125 2248 Ι

109 2260 203 2316 meavi.
246 2258 324 2328 Quod
339 2276 374 2317 ne
388 2259 481 2324 lieret,
502 2268 530 2317 et
544 2261 696 2320 litterarum
711 2262 867 2333 diversitate
887 2277 919 2318 ea
939 2277 954 2318 a
974 2260 1079 2335 reliqua

109 2364 245 2436 scriptura
260 2359 362 2434 ubique
376 2362 495 2425 distinxi,
511 2370 650 2436 praeterea
664 2365 712 2427 lis,
729 2379 798 2436 quae
814 2361 984 2420 librariorum
999 2361 1079 2437 culpa
1100 2393 1102 2398 ,

10 2507 11 2538 ,
109 2462 244 2520 excidisse
259 2461 426 2526 videbantur,
443 2464 548 2520 uncinis
563 2464 689 2522 rotundis
704 2465 831 2528 inclusis,
847 2473 875 2522 et
890 2465 918 2522 ln
933 2466 1005 2521 notis
1020 2480 1079 2522 sae·

10 2637 12 2650 ἱ
110 2565 225 2637 pissinm
239 2562 375 2626 admontm
391 2565 553 2622 sententiam
569 2573 682 2628 tautum,
699 2582 754 2622 non
769 2564 850 2622 rerba
865 2581 908 2624 me
922 2567 1077 2622 restituere.

173 2665 205 2722 ln
220 2664 381 2727 levioribus,
396 2665 471 2722 velut
486 2665 638 2722 litterarum
653 2683 768 2740 genere,
789 2668 817 2722 in
832 2663 1017 2739 significandis
1039 2666 1080 2722 di·

110 2767 196 2824 versis
213 2766 344 2822 orationis
359 2765 520 2840 generibus.
537 2767 659 2826 blainum
674 2767 837 2824 indieatione
854 2774 883 2824 et
896 2783 964 2841 quae
982 2767 1080 2824 similia

10 2869 12 2898 l
110 2877 188 2931 sunt,
205 2866 396 2941 aequalitatem
412 2867 546 2940 quandam
565 2883 615 2942 per
630 2883 724 2924 omnes
746 2870 836 2944 operis
851 2876 957 2942 partes,
980 2876 1011 2924 nt
1031 2884 1079 2943 per
1130 2850 1133 2856 ³

110 2979 181 3032 erat,
198 2969 318 3031 servavi,
334 2983 423 3041 neque
438 2976 527 3025 tamen
542 2969 668 3026 servilem
683 2971 710 3024 in
726 2964 852 3029 modurns
872 2971 901 3026 in
917 2969 1079 3043 quibusdam

110 3071 180 3128 enim
195 3069 344 3144 singularis
360 3059 452 3126 aarum
467 3069 573 3128 habitus
589 3069 717 3134 iaciebat,
733 3079 764 3128 ut
780 3070 911 3146 quaedam
926 3072 1079 3130 aeeuretius

111 3167 289 3246 significanda
304 3168 473 3233 viderentur,
489 3171 564 3228 velut
578 3187 706 3230 versuum
724 3189 775 3228 ms.
792 3172 892 3246 eodieis
907 3172 1036 3236 iudicatio
1052 3175 1080 3230 ln

111 3272 266 3347 fragmento
282 3270 316 3327 de
330 3272 391 3328 inre
405 3269 472 3328 lissi.
493 3272 716 3348 ¹interpungendi
731 3276 864 3332 rationem
881 3274 1007 3332 consulto
1023 3289 1079 3330 non

112 3391 168 3431 eam
182 3381 297 3431 secutus
313 3389 387 3437 sum,
404 3389 472 3447 quae
493 3391 566 3431 nuno
579 3374 717 3449 plerisque
738 3374 840 3448 planet,
862 3373 911 3430 sed
932 3374 1080 3432 aoouratio·

113 3491 176 3540 rem,
194 3492 248 3550 qua
264 3475 329 3532 olim
345 3475 385 3531 uti
400 3473 563 3540 solebamus,
580 3493 611 3532 ea
626 3493 735 3551 quoque
750 3477 779 3531 in
793 3491 823 3531 re
839 3475 958 3531 tironum
974 3471 1080 3528 deside·
