2634 3974
254 1018 280 1079 1.
304 1017 454 1092 (Perfecta
469 1021 526 1075 'lex
549 1024 604 1089 est,
633 1035 709 1091 quae
735 1025 814 1074 uetat
841 1021 950 1092 aliquid
972 1021 1052 1092 fieri,
1081 1027 1108 1076 et
1134 1025 1161 1077 si

187 1105 303 1177 fernim
318 1108 368 1176 sit,
386 1107 537 1169 rescindit,
555 1106 649 1177 puetis
665 1109 707 1159 est
721 1106 772 1160 teu
788 1144 880 1159 .....
910 1104 1091 1176 imperfecta
1105 1107 1159 1162 terr

191 1197 249 1260 est,
266 1205 340 1262 qnae
356 1195 435 1244 uetat
451 1191 561 1262 aliquid
572 1191 647 1260 fieri,
664 1194 691 1248 et
706 1191 732 1244 si
743 1188 857 1259 facium
873 1192 922 1258 sit,
939 1205 994 1245 nee
1009 1192 1155 1261 rescindit,
1233 1227 1236 1230 -

189 1291 244 1330 nee
262 1291 388 1346 poenam
407 1277 529 1346 ininnpit
545 1275 583 1342 ei,
607 1276 657 1344 qui
673 1278 775 1329 eontra
791 1275 881 1346 iepem
894 1273 981 1344 facit,
1004 1277 1100 1346 quatis
1115 1281 1158 1330 esi

1 1357 64 1412 *f
106 1361 242 1417 ulauieu
258 1359 372 1427 Cincin,
395 1373 471 1430 quae
487 1361 559 1428 ptus
580 1375 666 1428 quern
757 1351 889 1430 deneri)¹
906 1357 1047 1430 prohibet,
1065 1358 1159 1414 ’esee-

23 1491 24 1494 ,
99 1443 244 1516 vii-ptis
261 1435 436 1516 (ρθνεοπὶε)2
452 1440 610 1516 quibusdem
626 1433 745 1513 (uelut)²
761 1445 898 1516 cognatis,
917 1450 944 1497 et
959 1444 983 1498 si
996 1441 1058 1516 plus
1074 1443 1158 1500 dena·

113 1505 155 1552 fin.
191 1534 248 1582 tum
265 1528 308 1588 sit,
324 1543 379 1582 nen
394 1526 532 1584 rescindit.
574 1523 603 1584 2.
626 1524 712 1581 Minus
729 1543 808 1599 quam
820 1526 943 1600 ‘perlecta
957 1527 1000 1582 lex
1015 1535 1072 1590 est,
1089 1544 1159 1601 quae

190 1617 265 1666 uetat
280 1609 380 1683 aliquid
396 1608 468 1671 lieri,
485 1617 513 1665 et
528 1611 551 1664 si
566 1609 667 1665 laetum
682 1612 731 1674 sii,
748 1627 802 1667 nen
818 1611 962 1674 rescindit,
979 1611 1028 1666 sed
1041 1628 1157 1685 poenam

189 1695 308 1767 iniungis
324 1696 362 1756 ei,
385 1695 431 1767 qui
451 1702 545 1750 eontra
560 1694 649 1768 legem
665 1695 742 1757 feeit;
765 1695 850 1768 qualis
866 1703 909 1751 est
923 1696 967 1751 les
981 1694 1061 1751 Furia
1076 1703 1157 1752 tesin-

189 1779 328 1840 mentnria
346 1795 413 1851 quae
428 1778 490 1852 plus
507 1795 586 1852 quem
602 1778 665 1834 mile
681 1779 768 1838 ’asses
784 1778 867 1853 legati
883 1774 1011 1836 nomine3
1025 1780 1157 1836 mortisue

189 1879 269 1918 cause
290 1861 416 1935 prohibet
437 1880 533 1936 capere
553 1870 662 1936 praeter
677 1870 802 1936 exceptas
817 1880 962 1937 personas,
984 1871 1012 1921 et
1026 1863 1157 1920 aduersus
1177 1929 1181 1934 Δ

190 1963 265 2010 eum,
283 1948 329 2020 qui
343 1947 404 2020 plus
421 1949 538 2022 ceperit,
554 1946 696 2020 quadrupli
711 1964 825 2020 poenam
841 1950 993 2005 constituit.

190 2077 394 2091 auu—-

257 2161 278 2230 ¹)
297 2164 341 2214 Sic
357 2165 416 2226 fere
431 2162 614 2226 praeeuntibus
632 2161 736 2212 Ouiaeio
761 2169 787 2212 ei
804 2163 950 2228 Seliltinpio
968 2179 1082 2213 maneam
1098 2179 1156 2214 sen-

189 2234 293 2284 tentiam
315 2232 499 2281 restituendam
521 2231 615 2280 censui.
645 2230 686 2279 De
709 2246 738 2279 re
761 2231 797 2294 ef.
820 2231 852 2284 L.
871 2239 884 2278 5
904 2247 946 2294 pr.
977 2230 1006 2282 0.
1029 2233 1061 2280 de
1084 2231 1158 2296 lepib.

190 2297 219 2364 (1,
241 2298 285 2366 lt).
305 2298 423 2349 Maered.
442 2297 525 2348 Sornn.
545 2297 617 2360 Seip.
634 2305 654 2355 t,
674 2307 705 2346 17.
734 2298 774 2346 Be
793 2300 846 2362 lepe
865 2297 953 2348 Cincin
970 2297 1073 2362 Frapm.
1097 2299 1158 2351 Vnt.

189 2377 227 2416 266
244 2383 315 2431 seqq.
352 2365 468 2415 Ceterum
488 2365 612 2428 Ulpianus
634 2381 687 2414 eura
709 2365 747 2414 ius
769 2367 840 2416 ciuile
863 2367 890 2414 in
911 2367 1035 2429 seriptum
1059 2372 1085 2416 et
1107 2382 1157 2416 nen

188 2436 310 2496 seriptum
329 2433 467 2488 divisisset,
485 2435 593 2494 primurn
610 2433 709 2482 ridetur
726 2434 819 2496 seripti
840 2435 904 2483 iuris
918 2441 1011 2498 partes
1028 2450 1045 2483 a
1062 2434 1158 2499 lepidus

189 2503 329 2551 exordiens
348 2513 508 2548 enumerasse
521 2499 565 2562 (=
582 2497 629 2564 88.
643 2508 711 2550 3-8.
731 2500 757 2550 I.
774 2502 806 2550 de
824 2502 880 2551 iure
898 2507 954 2556 nats
970 2510 995 2561 1,
1008 2500 1046 2566 ²),
1064 2503 1157 2551 deinde

190 2570 222 2618 de
240 2574 335 2616 natura
352 2569 431 2632 lepnrn
450 2569 539 2631 spisse,
558 2569 594 2617 nd
612 2570 779 2633 quem-locum
796 2569 860 2618 liaee
872 2571 1015 2639 pertinent,
1035 2585 1100 2634 qnae
1113 2585 1157 2620 no·

189 2635 228 2684 bis
244 2640 348 2685 serrata
365 2641 431 2685 sunt.
466 2636 557 2686 Potest
575 2642 657 2686 tanuen
675 2637 759 2694 etiam,
779 2642 806 2686 ut
828 2636 869 2687 die
896 2639 966 2687 loeus
986 2638 1071 2686 statim
1094 2639 1158 2702 lepis

186 2703 319 2768 plebisque
337 2705 397 2753 seiti
413 2704 582 2766 definitionem
599 2709 700 2755 secutus
717 2705 765 2760 sit,·
782 2707 891 2770 quodsi
906 2705 1007 2765 statuis,
1026 2706 1053 2753 in
1062 2707 1158 2766 wenna

185 2777 249 2834 post
272 2769 299 2834 S.
318 2781 339 2821 3.
371 2771 496 2835 Ulpianus
518 2770 595 2829 soa,
623 2773 809 2822 constitutionis
833 2773 989 2836 principum,
1018 2773 1155 2822 edictorum

188 2841 378 2904 magistratuum
396 2845 421 2888 et
439 2855 619 2903 responsorum
634 2841 797 2903 prudentium
814 2841 975 2891 brevissimas
997 2841 1156 2902 definitiones

189 2921 225 2955 eu
245 2907 301 2958 Gai.
316 2917 335 2970 1,
354 2915 422 2954 4-7.
441 2909 559 2956 retulisse
577 2915 603 2955 et
619 2909 656 2956 ita
673 2908 729 2957 iure
746 2910 845 2973 scripto
863 2908 977 2958 absoluto
996 2908 1033 2955 ad
1047 2907 1086 2955 ius
1104 2919 1155 2954 non

189 2976 320 3037 seriptum,
334 2977 403 3040 quod
413 2989 449 3024 eae
460 2974 570 3026 moribus
582 2975 674 3033 veniat,
693 2977 826 3024 transitum
842 2977 937 3038 fecisse
955 2975 1077 3026 dicendus
1094 2973 1154 3022 erit.

188 3039 209 3101 ²)
229 3041 382 3092 Necessario
399 3044 527 3106 suppleri,
547 3057 600 3090 eum
618 3058 668 3093 nen
692 3050 787 3092 tantam
805 3046 905 3108 quidam
929 3043 1030 3108 enpanti
1051 3042 1157 3105 erispa·

186 3107 293 3170 fuerint.
326 3111 365 3173 Of.
382 3109 430 3164 Fr.
453 3109 513 3158 Vnt.
532 3117 660 3162 uso-309.
694 3111 841 3160 Euareten
858 3113 916 3162 otim
930 3111 1027 3173 fuerit.-
1052 3110 1157 3174 exceptis

188 3177 240 3243 peis
263 3177 414 3248 quihusdirie
495 3175 515 3238 ³)
540 3177 631 3228 iscium
650 3177 734 3240 'legati
757 3179 817 3232 Vnt.
838 3177 943 3242 (fretum
964 3178 1028 3228 ittud
1049 3194 1085 3227 ex
1107 3191 1156 3233 ns.;
1196 3181 1198 3188 ’

188 3262 245 3296 narn
264 3253 288 3296 et
307 3248 373 3295 alias
396 3259 431 3294 en
454 3245 506 3306 lege
521 3245 554 3294 'es
571 3263 606 3288 =
623 3248 674 3306 lege
697 3248 758 3296 selis
780 3248 855 3296 sentia
878 3247 998 3297 librarius
1018 3244 1084 3307 feeit
1105 3246 1156 3306 lege

188 3316 266 3371 sscien
286 3315 333 3364 aoe
351 3328 386 3362 err
404 3313 512 3372 legatum,
533 3315 655 3378 quomode
674 3316 762 3364 tectum
781 3321 840 3363 erat
856 3315 958 3375 legamus
976 3310 1155 3378 sequentem).

188 3383 277 3431 assium
295 3381 396 3441 legatum
420 3379 478 3428 edd.
504 3395 554 3429 non
577 3383 649 3431 modo
674 3383 808 3438 concinne,
831 3383 881 3431 sed
901 3397 932 3430 ne
954 3387 1025 3430 reete
1047 3381 1168 3444 quiderm

188 3463 243 3497 eum
261 3449 342 3512 etiam,
355 3461 390 3496 ece
408 3447 493 3496 decem
510 3449 602 3497 mitium
620 3451 704 3512 lepeto
722 3449 777 3498 mite
796 3463 890 3512 capere
909 3450 1006 3500 liceret.
1037 3445 1077 3510 Of.
1098 3446 1157 3499 Gai.
