2634 3960
283 191 397 226 nourrrr
416 174 577 241 vnrruu1(t)
597 192 700 242 sutoro.
720 193 755 226 uu
775 194 841 229 Irus
861 195 944 232 ursei.
1043 182 1093 230 543

194 331 257 392 132.
291 351 420 390 *riser
439 325 605 406 possunt;³⁴
627 350 688 391 nam
708 351 832 406 poenam
857 336 952 397 ot’mni
975 341 1092 406 priuato

130 426 273 474 contractu
289 424 377 479 recita
387 421 459 490 sisso
475 411 673 490 stipulantur.5
691 421 694 480 i

193 501 238 560 14.
263 495 383 558 6Earum
413 501 564 565 bonorum.
591 507 687 574 quael
711 505 746 559 ud
769 501 870 560 fissum
890 505 1028 577 pertinere
1052 505 1090 558 di·
1106 519 1131 558 15

131 591 250 652 canitur,
266 591 291 642 si
305 587 498 644 controuersia
519 595 673 649 moueatur,
698 591 702 654 t
726 593 788 644 aute
803 590 965 645 seutentiam
977 598 1031 644 nec
1046 588 1093 644 oh·
1221 641 1230 656 ,

131 675 245 747 siginari
258 687 311 726 nec
327 669 443 727 describi
458 679 504 726 out
519 673 686 746 incorporari
701 680 827 744 possunt.
858 672 929 728 idern
945 676 1091 739 serluutur,
1104 688 1132 727 eo
1204 665 1206 668 ’

132 774 192 812 cum
208 773 222 810 u
238 755 372 810 sententia
382 757 561 828 proualcatio
577 757 770 829 interponitur.
790 761 793 823 l

193 838 235 898 16.
259 840 311 896 Pro
333 839 375 894 his
390 839 478 901 honis,
495 856 563 914 quae
576 837 657 895 fiscus
672 842 822 914 inlquiotot
839 857 933 896 manus
942 845 1094 914 oppoluere
1111 887 1114 891 .

130 943 210 982 nomo
226 924 334 999 quidem
349 917 561 1001 prohibietur;⁷
578 929 666 981 tutius
689 933 784 981 tamen
801 931 983 998 procurator
1005 929 1008 991 Ι
1032 927 1200 986 adi-solun.

130 1019 186 1078 tur,
211 1017 243 1066 ut
257 1013 283 1065 is
297 1011 432 1064 iniuriam
450 1012 453 1074 i
471 1011 648 1078 submoveat,
673 1014 699 1065 si
723 1027 803 1081 quom
824 1012 1021 1080 committunt,
1045 1014 1095 1083 qui
1111 1005 1189 1054 0⁰¹·a·

131 1099 206 1152 bonu
219 1099 444 1166 persequuntur.
464 1097 468 1158 l

195 1174 239 1236 16.
265 1177 349 1233 ’Cum
368 1180 436 1249 fisci
458 1180 591 1233 aduocati
604 1193 654 1249 pro
671 1193 701 1232 se
718 1179 722 1242 Ι
740 1184 843 1232 eontru
862 1181 965 1250 fiscum
993 1185 1091 1250 upunt,
1120 1193 1132 1233 5

131 1267 224 1330 soleti
246 1267 364 1324 tantum,
381 1277 418 1318 ne
440 1267 567 1332 tempore
587 1263 677 1316 medio
701 1277 750 1334 pro
765 1265 837 1332 fiseo
860 1266 864 1328 Ι
890 1264 1051 1332 postulent,
1076 1281 1094 1316 u

131 1348 355 1420 mopistratilrus‚
379 1362 448 1418 quos
470 1338 628 1415 odilerint,⁸
651 1346 771 1407 decerni,
795 1348 846 1400 sed
864 1350 892 1401 iu
915 1338 1093 1412 1’atiorum9

129 1439 337 1504 praeterquam
353 1428 470 1485 filiorum
488 1434 491 1498 Ι
509 1434 558 1486 uel
570 1436 727 1501 parentum
739 1446 855 1485 suorum
868 1446 947 1484 causa
962 1433 965 1496 Ι
983 1429 1094 1485 liberto·
1108 1449 1132 1486 ro

131 1510 262 1572 rumue⁴⁰
277 1515 373 1570 adesse
384 1514 590 1586 prohibentior,
604 1522 631 1568 et
646 1515 668 1568 si
681 1514 826 1576 adfuerint,
839 1513 955 1580 infrimis
971 1514 1095 1586 plectun-

132 1609 189 1658 tur.
231 1617 300 1656 sane
322 1601 398 1668 lhos
422 1598 562 1674 principaii
582 1598 721 1670 beneficio
739 1601 743 1666 Ι
759 1601 902 1672 impetrare
923 1615 978 1653 uon
1000 1600 1132 1671 proni-15

132 1684 249 1752 horitur.

195 1766 236 1826 lt.
261 1767 331 1824 Fisoi
354 1768 492 1830 aduocati,
510 1771 514 1836 l
532 1768 629 1842 quihus
645 1767 678 1823 ud
693 1774 804 1840 tempus
826 1767 951 1839 officium
968 1769 972 1832 Ι
989 1767 1096 1821 manda·

134 1951 260 2000 Colunrell.
278 1951 310 1997 de
327 1965 350 1996 r.
370 1965 392 1996 r.
411 1959 430 2004 1,
449 1957 469 1999 8.
490 1947 518 2010 3.
540 1957 572 1998 tn.
595 1955 665 1998 reete
684 1965 700 1996 a
719 1948 973 2009 liudorfioallatum.
1009 1945 1097 2010 Suspi-

133 2019 190 2066 sari
207 2017 276 2072 iicet,
295 2017 403 2079 quinque
425 2015 512 2064 liberis
531 2016 651 2064 Caesaris
669 2017 774 2064 ancillas
798 2015 888 2062 similia
910 2015 967 2061 iura
987 2013 1096 2075 adeptas

134 2099 204 2143 esse,
228 2088 303 2147 utque
327 2089 447 2145 quattuor
469 2082 555 2130 liberis
578 2099 594 2130 u
614 2084 725 2144 priuatis
747 2085 920 2131 manumissae.
999 2077 1031 2142 ³⁴)
1052 2079 1097 2128 Ero

132 2151 237 2200 Luslrm.
261 2151 297 2211 ej.
330 2149 397 2197 Puta
417 2151 605 2212 praecessisse:
625 2149 695 2197 ‘Per
716 2149 810 2197 liberas
832 2161 959 2211 personas
982 2148 1096 2196 artiones

133 2221 262 2269 dunlaaeat
278 2218 315 2265 ad
330 2231 383 2264 rent
399 2217 603 2280 persequendam
621 2231 652 2264 ne
667 2218 730 2278 fisco
750 2217 849 2280 quidem
867 2215 957 2281 quaeri
973 2218 1096 2278 possunt’.

133 2287 210 2347 Quam
227 2287 377 2336 sententiam
394 2285 418 2331 ia
439 2286 494 2346 fine.
513 2285 692 2346 disputationis
710 2285 742 2332 de
760 2283 810 2338 liis.
834 2298 898 2347 qaae
919 2297 970 2345 per
993 2281 1097 2331 libertos

7 2387 8 2404 r
42 2368 48 2374 ·
133 2355 241 2404 Caesari
258 2357 423 2417 quaerantur,
443 2352 572 2414 aptissime
590 2352 738 2399 collocatam
755 2350 844 2412 faisse,
864 2365 933 2398 nemo
953 2365 1001 2398 non
1020 2351 1095 2398 viriet.

133 2421 155 2486 ⁵)
175 2438 226 2470 curn
242 2422 342 2484 priuato
361 2425 510 2468 contractam
528 2419 590 2482 quid
608 2428 612 2468 t
632 2425 683 2478 est,
700 2420 764 2480 fisco
788 2419 931 2481 stipulantur
949 2417 1051 2465 Laclrm.
1072 2425 1097 2466 et

133 2489 231 2539 Boerls.
250 2488 355 2543 antissio,
375 2488 440 2550 quae
458 2485 617 2542 antecedunt,
636 2491 746 2534 ceterum
764 2491 833 2534 reste
846 2483 931 2534 allatis
943 2484 1026 2533 uerbis
1039 2485 1096 2532 Ins

122 2573 173 2621 pr.
194 2557 226 2604 Ι).
246 2557 277 2604 aie
295 2557 311 2602 i.
327 2557 384 2616 sisa.
405 2552 449 2616 (49,
464 2552 497 2614 u)
518 2555 571 2602 ‘uel
585 2569 694 2616 poenam
708 2555 772 2614 fisso
791 2569 826 2602 ea·
843 2558 975 2602 contrariu
991 2553 1096 2614 priuato

133 2623 245 2674 deheri’.
308 2621 327 2681 6)
352 2621 411 2670 Vid.
429 2621 543 2685 praefat.
575 2639 579 2646 ·
606 2620 627 2686 ⁷)
651 2621 710 2672 Vid.
728 2621 844 2684 praefat.
880 2621 944 2670 Post
962 2619 1024 2668 lzaec
1041 2621 1097 2668 uni-

7 2691 8 2698 ’
55 2705 60 2711 ·
132 2707 231 2740 uersum
252 2689 402 2738 sententium
423 2690 535 2746 restitui,
556 2689 630 2736 Paul.
650 2697 674 2744 5,
694 2697 727 2740 12.
747 2687 774 2752 §-
794 2697 814 2736 o.
833 2694 859 2737 et
876 2688 972 2736 codicis
990 2688 1097 2751 uestipin

132 2765 246 2816 serulus,
271 2758 297 2806 in
320 2771 369 2822 quo
390 2757 428 2806 sia
450 2757 571 2819 scripturn
592 2757 674 2816 fuisse
696 2763 769 2819 puto:
790 2758 867 2805 totius
891 2755 925 2803 t'ni
947 2760 1071 2815 peuratur
1091 2765 1095 2800 t

133 2845 196 2893 adit'
213 2849 241 2890 ut
258 2844 280 2891 is
297 2843 414 2890 iniuriam
433 2859 437 2889 r
456 2840 609 2896 submoueut‚
627 2842 733 2904 siquam
746 2857 757 2888 7
772 2832 898 2904 tntuntq'
911 2838 1076 2901 bpsepuunt'.
1094 2847 1098 2885 t

134 2911 153 2973 Β)
173 2911 219 2961 Ad
235 2909 385 2960 sententiam
403 2909 465 2957 haee
483 2909 596 2966 restitui,
616 2907 763 2972 quibusdam
787 2925 802 2956 a
820 2907 923 2956 Laelius.
942 2905 1096 2958 monstratis,

131 2984 169 3028 sis
186 2981 308 3042 scriptum
328 2978 410 3038 faisse
433 2975 589 3054 arbitratus:
611 2974 645 3024 eu
662 2973 745 3037 (rum)
767 2977 825 3037 fissi
841 2975 960 3024 aduocati
976 2987 994 3034 p
1012 2989 1040 3022 se
1061 2979 1064 3018 Ι
1085 2973 1099 3022 3

129 3065 216 3123 fiscum
234 3069 323 3125 apunt,
342 3065 406 3112 solet
427 3073 430 3114 t
450 3068 482 3122 u,
502 3077 533 3109 ne
557 3068 634 3122 temp.
651 3059 733 3108 medio
751 3074 770 3122 p
785 3061 849 3120 fisco
868 3068 872 3110 1
888 3050 977 3122 p'uleat
999 3075 1015 3106 a
1033 3073 1096 3120 map.

134 3143 192 3192 quos
211 3131 337 3178 astiterint.
364 3130 405 3191 Cf.
427 3131 457 3178 l..
471 3139 491 3177 9.
512 3127 540 3190 8.-
560 3137 578 3177 1.
598 3129 631 3177 D.
650 3129 682 3175 de
699 3129 791 3190 poenis
810 3125 855 3189 (48,
876 3127 919 3188 ts).
989 3123 1009 3186 ⁹)
1029 3125 1099 3173 Scri-

131 3202 201 3260 ptum
217 3195 299 3256 fuisse
315 3198 404 3259 posui:
428 3199 496 3246 ultor.
520 3202 545 3244 et
568 3201 660 3258 postea
682 3196 813 3256 phibeitor.
842 3194 939 3243 Boeela.
962 3193 1098 3242 secundum

133 3262 237 3312 Laelia.
256 3264 339 3311 dedit:
358 3265 425 3312 nulla
444 3261 521 3332 (pra.-
539 3261 656 3324 aliorum)
676 3270 702 3311 et
716 3271 824 3324 pastea:
841 3262 973 3310 iubentur:
991 3275 1040 3322 qua
1052 3273 1097 3305 ra·

134 3334 201 3380 tione
219 3329 315 3386 dubita,
334 3346 367 3378 an
384 3347 492 3394 unquam
503 3331 583 3380 ICtus
600 3333 697 3379 loeutus
709 3330 758 3382 sit.l
796 3327 843 3390 ’40)
861 3327 1004 3376 Exciderit
1021 3332 1043 3372 et
1054 3339 1097 3387 pu-

133 3401 244 3462 pillorum
263 3411 366 3447 suorum.
394 3398 435 3460 Cf.
456 3399 486 3446 L.
507 3407 531 3446 to
546 3414 588 3462 pr.
608 3398 641 3446 D.
661 3400 701 3448 ‹ie'
708 3401 802 3460 pastui.
823 3395 853 3458 (3,
873 3394 904 3456 1).
931 3393 1047 3442 Ceterum
1066 3392 1098 3440 de

131 3467 180 3515 nae
199 3464 294 3527 etseq.
314 3463 340 3528 8.
359 3467 408 3531 uili.
427 3466 540 3528 praefat.
