2634 3974
474 189 549 224 1vu11
569 187 674 225 ravum
696 189 773 225 suna.
792 177 823 228 ll.
841 175 903 225 21¹³.

152 387 160 394 ‚1
175 355 185 406 s
200 299 327 388 liliorum
342 333 419 404 peior
434 331 557 388 condicio
572 339 714 404 parentum
731 329 788 387 lieri
801 348 857 387 non
868 338 971 405 potest.
1003 326 1050 388 10.
1070 325 1183 386 1¹lilia·

101 409 104 460 ἶ
121 439 126 456 2
147 423 167 486 ᾗ
209 416 320 472 familias
336 419 358 471 si
373 413 482 472 iubente
497 424 588 489 patre,
605 417 691 470 inuito
708 415 833 477 domino,
850 417 923 472 serui
939 415 1017 471 alieni
1033 414 1181 471 contuber-

92 505 105 530 ¹
124 521 172 568 2„
207 502 282 566 nium
308 507 400 556 secuta
426 501 475 563 sit,
502 500 599 556 ancilla
624 499 755 563 efficitur,
782 502 844 574 qnia
866 509 993 574 parentes
1015 500 1180 556 deteriorem

195 579 326 662 ,liliorum
347 584 534 640 condicionem
555 583 643 640 iacere
667 593 793 658 possunt.
848 582 887 641 11.
912 584 1019 640 liberta
1039 585 1111 640 serui
1133 600 1183 657 pa-

183 715 186 720 .
208 671 282 725 troni
304 668 512 724 contubernium
539 675 631 724 secuta
658 670 737 724 etiam
758 676 823 742 post
842 669 1074 728 denuntiationem
1095 669 1124 722 in
1145 684 1183 724 eo

127 763 142 776 '¹
209 760 282 809 statu
297 751 428 816 manebit,
451 754 513 827 quia
529 753 638 808 domum
653 754 760 826 patroni
776 753 886 811 uidetur
902 753 1028 810 deserere
1043 753 1175 808 noluisse.

208 833 252 893 12.
277 836 375 892 Errore
396 854 464 910 quae
485 853 515 892 se
535 838 642 911 putauit
663 837 799 900 ancillam,
827 846 907 911 atque
927 837 988 894 ideo
1010 837 1090 893 alieni
1105 839 1181 892 serui

124 927 144 998 J>
209 920 416 977 contubernium
436 928 528 977 secuta
550 928 605 984 est,
634 913 715 993 ³(si)2
735 930 830 995 postea
858 921 968 978 liberam
988 939 1018 978 se
1039 922 1127 977 sciens
1148 921 1181 975 in

139 1037 140 1042 κ
170 1007 172 1012 ‘
209 1004 387 1062 contubernio
409 1005 504 1062 eodem
525 1007 756 1078 perseuerauerit,
784 1005 902 1062 efficitur
917 1006 1020 1063 ancilla.
1079 1001 1123 1061 13.
1148 1004 1179 1059 Si

109 1101 112 1108 '
129 1153 130 1156 Ἴ
154 1109 162 1115 ’·
208 1098 322 1164 patrona
337 1106 417 1146 seruo
434 1089 522 1146 liberti
537 1091 579 1145 sui
595 1106 623 1146 se
635 1091 829 1154 coniunxerit,
857 1083 949 1147 ’eius3
971 1090 1178 1146 denuntiatione

153 1169 155 1174 ’
209 1182 370 1232 conuentam
392 1174 514 1230 ancillam
535 1171 593 1230 fieri
613 1191 668 1231 uon
690 1175 800 1249 placuit,
845 1172 889 1231 14.
914 1168 1028 1231 ⁴llulier
1048 1175 1180 1247 ingenua,

124 1257 125 1262 ’
171 1279 172 1282 ’
200 1276 277 1333 ,φωρ
298 1275 327 1314 se
348 1260 436 1314 sciens
451 1274 532 1314 seruo
554 1259 718 1330 municipum
739 1261 870 1321 iunxerit,
895 1261 975 1316 etiam
990 1261 1057 1316 citra
1073 1258 1178 1314 dennu-

167 1399 168 1402 ,
210 1345 348 1400 tiationem
364 1342 459 1399 ancilla
474 1342 603 1408 elicitum
620 1359 675 1398 uon
690 1344 769 1407 idem,
786 1345 809 1398 si
821 1345 938 1399 nesciat:
955 1345 1073 1400 nescisse
1087 1349 1178 1398 autem

208 1428 329 1490 uidetur,
356 1444 425 1500 quae
445 1434 584 1500 comperta
604 1426 763 1483 condicione
784 1427 963 1485 contubernio
985 1445 1014 1484 se
1035 1425 1178 1487 abstinuit,

208 1520 253 1567 ant
274 1511 536 1584 libertum-putauit.
592 1507 636 1568 15.
660 1511 755 1568 Libera
777 1513 873 1568 mulier
893 1512 1101 1572 contubernium
1116 1512 1177 1565 eius

150 1590 160 1640 Ϊ
199 1603 313 1659 secuta,
342 1595 386 1668 qui
402 1594 494 1667 plures
511 1593 634 1650 dominos
649 1595 757 1664 lrabuit,
785 1599 841 1653 eius
858 1596 1013 1659 lrtoucilla,
1039 1596 1085 1670 qui
1099 1596 1179 1669 prior

207 1679 391 1741 denuntiauit,
419 1678 471 1734 nisi
492 1678 563 1736 lorte
584 1679 616 1735 ab
632 1679 756 1736 omuibus
773 1681 871 1737 lactum
887 1683 931 1737 sit.
960 1677 1020 1738 '16.
1045 1679 1073 1735 Si
1088 1688 1175 1734 mater

201 1780 288 1820 seruo
305 1761 352 1818 filii
367 1779 396 1818 se
411 1763 542 1825 iunxerit,
559 1781 613 1820 non
630 1764 703 1820 tollit
717 1766 985 1822 senatusconsultum
1001 1764 1175 1821 Claudianum

208 1847 417 1904 erubescendam
439 1849 530 1903 matris
552 1851 631 1904 etiam
652 1851 680 1904 in
700 1866 730 1904 re
746 1851 818 1923 turpi
833 1851 1028 1913 reuerentiam,
1051 1847 1177 1922 exemplo

209 1934 281 1996 eius,
304 1949 371 2007 quae
392 1949 421 1987 se
437 1949 518 1988 seruo
533 1931 622 1989 liberti
638 1935 680 1988 sui
696 1927 896 2002 coniunxerit.⁵
951 1930 993 1991 17.
1019 1933 1114 1990 'lribus
1130 1932 1176 1986 de-

208 2016 422 2073 nuntiationibus
444 2025 577 2072 conuenta
598 2019 649 2078 etsi
665 2034 697 2072 ex
712 2020 950 2074 senatusconsulto
967 2018 1037 2074 laeta
1053 2016 1177 2073 uideatur

137 2123 138 2126 ’
209 2101 315 2164 ancille,
342 2101 452 2158 (lumino
469 2108 558 2156 tamen
572 2100 722 2158 adiudicata
737 2104 803 2158 citra
818 2105 1006 2158 auctoritatem
1022 2102 1178 2174 interpositi

24 2183 54 2250 ,Γ
78 2199 79 2202 ’
149 2231 151 2233 .
208 2203 257 2260 per
282 2185 484 2258 ’spraetoreml
509 2179 739 2259 praesidempcell
760 2185 862 2243 decreti
888 2204 943 2243 non
966 2187 1090 2242 uidetur:
1117 2187 1177 2258 ipse

208 2272 278 2327 enim
300 2270 380 2326 dehet
400 2268 519 2332 auferre,
547 2274 593 2343 qui
614 2270 677 2326 dare
696 2278 790 2344 potest
804 2271 964 2328 libertatern.
1010 2267 1055 2328 18.
1081 2263 1178 2324 ⁷lilia-

208 2354 320 2410 familias
341 2361 450 2408 mortuo
470 2356 591 2426 petrosi
612 2356 732 2410 inserui
755 2355 933 2411 contubernio
949 2355 1178 2429 perseuerauerit,

208 2454 258 2510 pro
275 2446 369 2493 tenore
385 2438 614 2493 senatusconsulti
629 2437 766 2495 Claudiani
787 2447 921 2496 conuentu
936 2437 1053 2495 efficitur
1069 2435 1175 2494 ancilla.

490 2604 552 2644 mr.
570 2583 651 2644 xx1¹³.
688 2607 729 2647 ou
745 2606 891 2650 oorrsvs

190 2754 192 2757 ⁵
271 2686 296 2745 1.
326 2682 396 2772 iDos
417 2696 462 2743 ant
483 2689 618 2745 antecedit
633 2699 679 2746 aut
694 2694 816 2766 sequitur
832 2693 1044 2757 matrimonium,
1071 2699 1099 2747 et
1113 2691 1177 2746 ideo

209 2772 252 2828 uel
269 2781 330 2830 ante
347 2774 453 2847 nuptias
470 2773 513 2829 uel
529 2782 592 2847 post
608 2777 715 2848 nuptias
731 2777 789 2832 dari
803 2786 909 2850 potest:
926 2777 973 2833 sed
990 2785 1051 2832 ante
1068 2776 1177 2846 nuptias

210 2858 271 2913 data
286 2875 377 2914 earum
393 2866 532 2933 exspectat
548 2858 702 2917 aduentum.
903 2855 907 2862 ’

356 2937 402 3018 [L.
420 2943 458 3000 73
471 2961 520 3016 pr.
537 2944 564 3015 §-
584 2944 610 2999 1.
635 2945 671 3000 D.
689 2947 723 3002 de
738 2950 802 3003 iure
817 2949 873 3002 dot.
890 2945 950 3017 (23,
967 2939 1022 3020 3).]

208 3057 404 3066 —--——--·-

208 3121 239 3186 1ῑ)
260 3123 299 3185 Of.
317 3123 349 3173 L.
362 3133 395 3172 27.
415 3124 449 3177 D.
469 3127 557 3189 depos.
577 3126 621 3189 (16,
634 3125 666 3188 3).
736 3125 757 3189 ²)
776 3127 958 3177 Emllitterod.
977 3134 1003 3177 et
1020 3126 1116 3176 Scleult.
1135 3127 1172 3187 ej.

207 3192 298 3242 addidi
315 3190 414 3254 (fuerat
431 3191 487 3252 esi).
558 3192 578 3256 ⁸)
598 3196 668 3244 etiam
688 3192 801 3256 (sactum,
819 3201 846 3244 nt
863 3203 924 3258 puto
938 3211 973 3244 ecc
986 3198 1022 3252 ei',
1042 3195 1111 3260 quod
1128 3209 1174 3243 uc·

207 3260 349 3324 cipiebatur
367 3258 409 3321 et.)
431 3260 475 3310 Cd.
496 3263 554 3315 edd.
624 3258 646 3325 ⁴)
667 3262 706 3324 Os.
725 3262 759 3315 L.
777 3271 798 3315 3.
817 3271 838 3314 6.
860 3262 905 3312 Te.
921 3263 949 3312 O.
967 3264 1003 3312 ad
1020 3261 1070 3311 80.
1084 3259 1173 3314 claud.

208 3325 238 3388 (a,
253 3326 297 3388 11).
368 3325 387 3390 5)
407 3327 447 3391 Of.
463 3327 490 3392 8.
504 3338 537 3379 13.
607 3329 628 3391 ⁰)
648 3329 778 3392 Suppleoi.
808 3330 841 3378 D.
861 3345 891 3379 re
909 3331 944 3394 cf.
961 3329 1093 3394 llaeopltil.
1107 3337 1175 3383 3,·12.

207 3393 234 3457 ἃ
250 3405 326 3520 nm
340 3393 467 3513 'gogus'
479 3405 503 3525 εἰ)
524 3462 562 3525 cf.
581 3464 614 3512 L.
633 3473 654 3512 r.
672 3461 699 3525 8.
718 3471 737 3512 e.
757 3464 790 3512 L.
809 3472 843 3516 tr,
863 3464 895 3516 Ι).
916 3465 948 3513 de
965 3465 982 3515 ι’,
1003 3466 1055 3513 dot.
1077 3462 1122 3526 (re,
1141 3462 1174 3526 3).
