2634 3960
322 219 386 254 nos.
404 218 439 252 nr
459 219 524 256 noar.
544 211 638 255 naevia
657 219 775 254 concur.
794 207 831 255 lV.
851 210 926 258 6-9.
1056 212 1106 259 563

141 360 215 436 quod
231 356 375 416 libertinus
390 377 446 415 rem
468 361 656 416 sestertiorum
681 363 792 436 triginta
812 363 930 426 milium,
958 374 1004 419 aut
1026 364 1109 421 lilium
1151 417 1154 424 .

139 463 196 502 non
212 437 352 506 habeat,36
367 446 503 517 propriam
518 446 642 500 iniuriam
657 447 856 520 persequenti.’

204 529 269 603 Rap.
291 528 333 583 Vl.
370 528 499 584 Paulus
522 527 614 584 libro
640 529 814 603 singulari
843 538 876 586 et
904 532 1021 588 titulo
1040 543 1119 607 quo·
1146 562 1149 567 ·

140 631 254 688 supra.
284 611 308 670 1.
326 613 354 668 ln
370 629 483 669 uxorem
499 612 659 668 adulterium
677 614 830 669 uindicatur
849 617 908 670 iure
924 617 1025 679 mariti,
1053 635 1107 677 non

140 701 221 756 etiam
245 695 296 770 (in)
316 690 474 771 sponsam.⁷
511 697 628 752 Seuerus
650 715 760 772 quoque
781 707 808 754 et
830 699 984 756 Antoninus
1009 703 1046 756 ita
1065 719 1107 756 re·
1169 718 1174 728 ·

37 851 40 858 ,
140 778 340 857 scripserunt.⁸

202 865 269 941 K'ap.
286 865 340 921 vlt.
364 865 574 939 Papinianus
596 865 685 922 libro
708 867 886 941 singulari
906 867 945 924 de
969 869 1106 925 adulte·

138 955 213 1008 riis.
233 949 268 1008 ’1.
286 949 478 1018 (inserebatur,
496 968 529 1005 an
543 959 621 1024 pater
632 953 823 1024 emancipatam
846 951 927 1007 filiam
947 955 1006 1009 iure
1021 957 1106 1027 patris

139 1053 265 1094 accusare
286 1036 381 1108 possit.
418 1033 569 1108 Respondi:
592 1035 730 1091 occidendi
752 1036 859 1108 quidem
883 1037 1038 1092 facultatem
1064 1038 1106 1093 lex

138 1121 235 1178 tribuit
256 1137 314 1176 eam
329 1117 423 1183 filiam,
440 1136 520 1192 quam
535 1119 615 1174 habet
628 1121 655 1173 in
669 1128 820 1192 potestate,
838 1128 884 1175 aut
900 1119 995 1193 (quoe)
1012 1138 1044 1176 eo
1060 1139 1106 1176 au·
1182 1111 1184 1115 ’

139 1214 216 1264 ctare
230 1207 259 1260 in
274 1220 380 1259 manum
397 1197 560 1266 conuenit39
576 1203 623 1282 sed
640 1220 764 1258 accusare
779 1205 838 1259 iure
853 1206 937 1276 patris
950 1221 984 1259 ne
997 1206 1105 1277 quidem

141 1291 332 1363 emancipatam
349 1286 430 1344 filiam
445 1296 522 1360 pater
536 1287 705 1361 prohibetur.
717 1281 746 1320 ⁴¹⁰

204 1373 352 1448 Kapvlll.
383 1355 591 1447 Papinianus
614 1371 729 1427 eodem
756 1371 845 1427 libro
873 1373 1049 1446 singulari
1072 1381 1106 1428 et
1185 1363 1189 1368 ⁵

139 1459 260 1516 titulo.
293 1454 317 1513 1.
341 1456 424 1511 ‘Cum
439 1457 510 1530 patri
526 1456 570 1512 lex
590 1457 666 1530 regia
681 1456 786 1512 dederit
807 1459 834 1511 in
857 1452 956 1512 filiam¹
972 1459 1044 1512 uitae
1059 1475 1105 1512 ne·

140 1546 233 1616 cisque
264 1550 442 1617 potestatem,
471 1558 525 1614 quo
552 1540 652 1596 bonum
678 1541 731 1596 luit
755 1542 817 1616 lege
842 1541 1048 1615 comprehendi,
1075 1551 1107 1596 ut

141 1636 262 1702 potestas
278 1628 318 1682 ’ei
334 1617 426 1682 esset²
441 1619 540 1681 etiam8
556 1624 637 1681 liliam
654 1618 810 1682 occidendi?
839 1619 942 1682 'uelis‘
958 1627 1023 1682 mibi
1049 1627 1104 1682 ‘re-

141 1706 292 1770 scriberez⁶
329 1728 389 1766 nam
415 1712 484 1767 scire
506 1711 609 1784 cupio.'
640 1708 804 1784 Respondit:
834 1710 966 1783 numquid
987 1727 1019 1766 ex
1041 1728 1105 1766 con-

138 1798 223 1852 trario
249 1803 368 1869 praestat
391 1794 470 1851 nobis
492 1802 681 1869 argumentum
702 1796 769 1850 haec
783 1795 911 1856 adiectio,
938 1803 968 1849 ut
993 1811 1048 1849 non
1064 1796 1105 1849 ui·

142 1881 236 1936 dentur
258 1880 301 1935 lex
323 1896 379 1934 non
400 1879 510 1935 habenti
533 1879 641 1934 dedisse
670 1877 847 1950 '(occideadi
866 1882 1037 1950 potestatem
1059 1881 1111 1934 sed

141 1965 343 2020 necessitatem
359 1957 567 2035 imposuisse)ss
587 1971 618 2017 ut
635 1963 759 2018 uideatur
780 1965 881 2018 maiore
902 1963 1036 2034 aequitate
1060 1961 1108 2016 do-

143 2055 203 2103 ctus
226 2045 378 2102 adulterum
402 2047 540 2108 occidisse,
554 2064 614 2102 cum
630 2063 680 2102 nec
702 2046 772 2101 filiae
786 2047 956 2120 pepercerit?

206 2131 270 2203 llap.
287 2129 331 2186 IX.
374 2128 463 2184 idem
494 2131 533 2187 de
565 2130 772 2194 adulteriis:
813 2130 838 2186 i.
870 2126 915 2184 ‘st
944 2135 1034 2202 pater,
1062 2131 1107 2202 qui

142 2216 294 2272 adulterum
312 2212 422 2276 occidit,
445 2211 514 2268 filiae
536 2230 601 2268 suae
616 2215 745 2286 pepercit,
763 2230 872 2285 quaero,
889 2213 954 2286 quid
976 2213 1106 2268 aduersus

142 2317 202 2356 eum
219 2303 254 2356 sit
269 2297 477 2355 statuendum‘i'
508 2297 672 2371 Respondit:
689 2299 746 2353 sine
762 2297 844 2354 dubio
859 2299 911 2368 iste
927 2305 1005 2371 pater
1020 2298 1106 2352 borni·

142 2385 200 2442 cida
220 2393 275 2447 est;
297 2385 383 2458 igitur
403 2381 539 2438 tenebitur
560 2383 621 2455 lege
642 2380 765 2436 Cornelia
787 2381 820 2437 de
842 2383 952 2438 sicariis.
988 2382 1069 2437 Plane
1085 2383 1108 2436 si

142 2467 196 2523 iiiia
218 2485 274 2525 non
295 2468 436 2524 uoluntate
452 2469 550 2540 patris,
567 2465 617 2522 sed
635 2482 699 2520 casu
720 2475 827 2522 seruata
847 2474 902 2530 est,
925 2467 1013 2541 ’quod
1035 2466 1107 2522 sorte

141 2546 241 2626 lugit,⁷
257 2569 312 2607 non
329 2552 462 2606 minimam
478 2549 586 2606 habebit
601 2550 785 2607 defensionem
807 2558 893 2624 pater.
931 2550 995 2606 Nam
1011 2541 1107 2606 lenita
1157 2585 1160 2588 -

141 2684 218 2734 santi.
304 2681 338 2748 88)
361 2683 421 2733 Vid.
442 2683 566 2735 Zeitscbr.
585 2687 601 2734 l.
619 2699 641 2732 a.
727 2682 749 2747 ⁷)
768 2683 862 2747 ltaque
881 2684 1033 2738 etiamtum,
1054 2699 1107 2730 earn

142 2757 279 2800 accusator
295 2757 387 2814 postea
404 2753 508 2800 maritas
526 2753 590 2800 elam
608 2765 638 2799 eo
656 2751 818 2800 adulteratae
835 2765 945 2813 sponsae
961 2749 1047 2811 sactus
1064 2751 1106 2797 sit.

141 2817 176 2870 L.
195 2827 215 2870 t.
237 2818 263 2867 G.
282 2819 308 2868 tr.
325 2825 343 2868 t.
365 2819 394 2879 (9,
414 2819 446 2881 a).
513 2816 533 2882 Β)
553 2817 593 2881 Of.
607 2818 638 2866 L.
655 2825 686 2864 ta.
701 2817 749 2881 gg.
764 2827 785 2866 s.
798 2827 818 2866 a.
831 2818 863 2868 1).
878 2817 901 2865 t.
915 2824 932 2864 t.
1002 2815 1023 2877 ⁹)
1047 2816 1105 2864 Via.

140 2903 213 2951 supr.
231 2902 256 3002 p)
273 2895 299 3004 ab
313 2883 339 3001 St
358 2895 381 2935 2.
449 2883 739 3002 1⁰)SrdtiaddcoeBpoiae
760 2885 887 3000 plaprpisse
904 2883 1105 3000 rgpdettppdhplt.

165 2993 171 3006 .
205 2995 211 3006 .
258 2994 263 3005 .
302 2990 307 3004 .
339 2991 345 3002 .
683 2989 702 3011 .,
840 2967 846 2998 1
950 2989 955 2999 .
1014 2987 1020 2999 .
1090 2989 1105 3008 „

144 2953 212 3085 §aab
225 3022 322 3084 factam
340 3029 379 3071 est
396 3035 432 3070 eea
449 2952 657 3070 abatewin‘ib'ltizeujto
676 2969 801 3070 etiaquanazi
817 2966 922 3072 babuit.
934 2965 947 2999 e
959 2965 1063 3066 Sciziiagt
1080 3021 1106 3066 ia

139 3090 218 3149 fllium
240 3091 301 3137 data
322 3097 440 3152 potestas
463 3091 538 3138 etiam
560 3090 587 3137 in
606 3088 686 3150 filiam
713 3089 776 3137 data
798 3086 937 3137 videbatur.
978 3085 1018 3148 Of.
1044 3101 1064 3135 c.
1085 3096 1104 3137 7.

120 3153 165 3218 Ἴ)
183 3155 251 3202 lieret
274 3155 336 3205 Odd.
355 3159 413 3206 edd.
500 3155 520 3219 ³)
545 3157 562 3204 i.
581 3171 603 3208 e.
628 3169 678 3202 aaa
699 3159 777 3206 solam
799 3156 940 3204 aduiteram
961 3155 1009 3202 sed
1030 3149 1105 3202 etiaim

139 3223 226 3284 sitiam.
303 3221 325 3287 ⁴)
344 3223 429 3274 Gaiae.
448 3225 483 3286 ej.
511 3224 572 3272 uelle
589 3221 622 3272 Β,
649 3223 733 3272 uellem
756 3225 802 3272 Ve.
826 3223 866 3270 Vi.
886 3223 944 3270 edd.
1023 3218 1043 3281 ⁵)
1063 3219 1107 3267 Sic

143 3288 208 3339 Cdd.
235 3291 379 3339 rescriberes
398 3293 438 3342 ed.
457 3291 500 3343 Bt.
537 3289 578 3352 Cf.
597 3289 621 3336 I.
642 3297 673 3338 11.
699 3288 725 3352 3,
744 3300 763 3341 2.
796 3288 914 3339 Brtssoa.
939 3289 970 3336 de
991 3286 1066 3349 sarm.
1086 3295 1104 3342 3,

142 3364 176 3404 to.
190 3365 222 3405 85.
291 3355 312 3418 θ)
332 3357 408 3406 Haec
423 3359 509 3422 potine
523 3364 634 3420 propter
646 3345 865 3420 ὁμοιοτέλευτον
879 3355 1014 3408 excidisse,
1034 3368 1106 3416 qaam

11 3457 12 3460 =
53 3469 54 3472 ,
144 3424 212 3488 praed
235 3424 293 3475 edd.
316 3425 410 3473 audaci
431 3427 554 3474 modestia·
576 3427 695 3486 suppleat
718 3425 771 3479 sed,
794 3426 851 3486 ipsa
874 3422 1000 3471 sententia
1022 3421 1104 3469 docet.

11 3493 13 3574 ζ
145 3489 166 3552 ⁷)
189 3489 276 3540 Verba
294 3491 355 3554 qaod
375 3493 435 3540 iorte
454 3493 527 3541 liliam
545 3489 580 3540 B.
606 3491 668 3553 quod
686 3493 746 3540 torte
765 3493 822 3550 iugit
840 3490 889 3538 utta
912 3490 958 3538 Ve·
982 3489 1022 3537 Vi.
1041 3487 1106 3539 Odd.

840 3573 903 3634 36*
