2634 3960
516 167 579 203 een
598 167 701 205 rnsrrr.
721 153 761 203 iii.
780 153 889 211 66-,76

50 294 67 313 *'
87 298 90 303 ’
178 310 282 384 *freis
298 307 442 364 heredibus
457 309 485 362 in
500 306 577 362 honis
592 306 750 365 Latinorum
765 309 857 380 potior
878 305 1001 362 habetur.
1047 303 1097 366 66.
1122 309 1190 365 item

255 394 277 447 'a
293 393 445 464 ceterique,
464 408 533 465 ques
555 391 709 447 exheredes
731 391 794 446 lieet
814 393 873 446 iure
895 391 968 446 ciuili
986 392 1093 464 faeere
1113 397 1191 450 inter

224 485 350 546 eeteros,
367 480 500 549 quemuis
520 477 551 531 id
564 476 703 547 sufficiat,
726 483 756 531 ut
778 475 810 530 ab
826 475 899 530 omui
913 477 1079 532 hereditate
1095 480 1191 548 patris

188 627 189 630 Ἴ
224 562 267 616 sui
281 557 523 630 summoueantur,
541 567 630 614 tamen
645 561 673 614 in
688 559 766 614 benis
781 558 946 622 Latinorum,
963 561 1190 618 nisi-nominatim

224 663 239 699 a
253 650 365 718 parente
381 643 483 699 suerint
499 643 668 706 exheredati,
690 646 814 716 potiores
837 650 917 698 erunt
933 647 1068 701 extraneis
1084 645 1191 700 heredi·

181 747 186 778 κ
224 727 285 802 hies.
330 722 376 783 67.
400 727 467 782 Item
483 727 647 790 adlabores,
671 729 717 800 qui
732 729 768 784 ab
783 727 933 783 hereditate
948 731 1068 801 parentis
1085 747 1114 784 se
1130 729 1191 784 ahs·

224 814 378 874 timuerunt,
401 812 489 869 'bonu
505 813 675 869 ,Latinorum
694 816 857 882 pertinent,
881 817 1014 885 quemuis
1033 813 1118 870 alieni
1137 814 1189 869 be·
1309 875 1310 878 Ἴ

189 949 190 953 ,
224 897 349 958 beantur
364 890 553 968 apereruerit
568 897 731 959 hereditate,
748 900 816 969 quia
833 895 988 952 exheredati
1010 897 1086 952 nulle
1107 897 1190 954 mede
1239 941 1241 947 .
1304 913 1310 972 ζ

225 979 276 1034 diei
291 988 415 1053 pessunt,
432 997 488 1036 nen
503 982 586 1054 magis
604 997 683 1054 quam
694 982 741 1053 qui
757 989 919 1036 testamento
931 981 1039 1036 silentio
1051 983 1191 1077 praeteriti
1304 989 1310 1048 ,ἶ

225 1071 298 1118 sunt
277 1059 392 1120 t.68
418 1066 461 1120 Er
476 1067 518 1121 tus
536 1064 658 1120 omnibus
675 1067 740 1120 satis
756 1065 827 1121 iliud
840 1073 963 1138 apparet
981 1067 1004 1120 si
1023 1067 1060 1127 is,
1078 1067 1124 1138 qui
1141 1065 1190 1120 La·
1231 1116 1234 1117 γ
1308 1081 1310 1092 ²

838 1243 844 1295 t
887 1229 936 1289 69.
964 1233 1059 1290 ltem'
1064 1239 1093 1288 si
1111 1237 1190 1290 nuth>

112 1383 113 1386 Ἴ
137 1383 138 1386 ¹
168 1393 169 1396 Ἴ
225 1325 368 1374 entrenee
383 1319 490 1374 herede
503 1323 713 1375 interueniente
727 1319 812 1374 tiberi
824 1327 828 1380 Ι
840 1317 993 1392 disparibus
1005 1333 1044 1374 ex
1056 1320 1192 1388 pertibus

96 1453 98 1470 2
162 1403 170 1412 '‘
224 1403 345 1458 heredes
357 1402 435 1474 faeti
457 1410 536 1471 sunt,
561 1405 635 1459 bone
654 1405 752 1458 Latini
765 1421 824 1473 pro
839 1402 1028 1469 betrediterir's
1042 1405 1188 1473 pertibus,

160 1491 216 1540 145.
228 1503 285 1541 non
298 1503 355 1554 pre
370 1488 502 1542 uirilibus
517 1445 616 1544 r’eetei
626 1487 741 1560 peltant
756 1486 789 1541 ad
806 1503 852 1542 eos
869 1487 1015 1559 pertinere,
1032 1487 1098 1559 quia
1114 1487 1190 1542 nulle

101 1563 103 1570 ’
225 1569 424 1625 iuteruenieute
440 1577 567 1625 extranee
589 1571 688 1626 herede
709 1563 948 1627 senatusconsulto
969 1571 1049 1629 loeus
1066 1587 1121 1626 nou
1137 1579 1188 1626 est.

226 1648 272 1710 70.
296 1651 351 1708 Sed
364 1645 388 1707 si
402 1669 462 1708 eum
484 1653 574 1710 liberis
595 1657 652 1710 suis
674 1656 753 1710 etiam
775 1663 931 1710 extraneum
952 1654 1079 1709 heredem
1099 1662 1191 1727 patre·

163 1777 164 1780 .
226 1753 277 1792 uus
297 1731 452 1810 reliquerit,
476 1739 585 1812 Queiius
607 1738 720 1812 &binus
742 1741 792 1801 ait,
821 1746 878 1798 teta
898 1739 968 1794 boua
996 1755 1046 1812 pre
1065 1738 1198 1794 'uirilibus

107 1871 108 1874 ,
144 1843 145 1846 “
192 1895 193 1900 ¹
225 1819 346 1893 partibus
373 1820 406 1875 ad
431 1821 531 1879 liberes
559 1823 679 1879 defuncti
698 1825 850 1897 pertinere,
880 1825 942 1897 quia
962 1839 1022 1878 eum
1042 1829 1189 1879 extraneus
1302 1837 1310 1886 r

103 1921 104 1924 ’
169 1971 170 1974 ¹
225 1905 305 1962 heres
320 1907 481 1969 interuenit,
498 1925 552 1963 neu
568 1909 648 1964 habet
662 1907 706 1963 lex
721 1907 797 1963 lunia
818 1908 922 1970 lecum,
945 1907 992 1962 sed
1013 1913 1190 1963 serratuseou·
1308 1907 1309 1910 ’

224 1988 341 2053 sultum;
357 1989 501 2048 Iauolenus
517 2001 605 2048 autem
622 1995 671 2054 ait,
688 2000 794 2048 tautum
816 2009 873 2048 eam
887 2000 992 2065 partem
1014 2008 1046 2046 er
1067 1999 1191 2047 senatus·

225 2074 352 2130 consulto
367 2073 466 2133 liberes
487 2079 595 2150 patroni
613 2094 667 2151 pre
683 2075 806 2132 uirilibus
829 2075 949 2150 partibus
966 2075 1103 2131 habituros
1120 2093 1190 2137 esse,

227 2174 307 2232 quam
322 2163 441 2217 extranei
456 2162 570 2217 heredes
591 2169 653 2217 ante
669 2161 934 2216 senatusconsultum
950 2160 1012 2234 lege
1026 2159 1100 2214 lunia
1116 2159 1191 2216 hahi-

225 2245 280 2300 turi
296 2251 401 2306 essent,
417 2246 534 2318 reliquas
558 2263 624 2302 uere
645 2253 736 2320 partes
754 2260 813 2318 nro·
831 2243 998 2300 hereditariis
1020 2243 1141 2317 partibus
1158 2244 1191 2299 ad

34 2445 43 2494 ⁴.
56 2459 62 2472 „
226 2426 277 2490 By.
301 2425 589 2491 ⁵⁴)liestitui‘Gnius'p.
598 2437 629 2478 59.
642 2427 707 2476 ltem
716 2427 824 2492 sequens
834 2428 900 2490 quin.
926 2423 948 2488 ⁶)
959 2423 1114 2474 Sententiam
1123 2425 1188 2475 bane

222 2494 305 2556 fuisse
317 2497 448 2557 suspicor:
460 2496 481 2542 si
493 2496 523 2552 is,
537 2497 576 2558 qui
590 2495 698 2544 Latinum
711 2497 802 2552 feeerit,
815 2497 856 2544 nel
867 2495 943 2543 liberi
953 2494 1007 2542 eius
1018 2494 1068 2542 soti
1078 2493 1103 2541 ei
1114 2493 1189 2542 bere·

227 2563 271 2610 des
286 2561 353 2624 faeti
369 2563 465 2624 virent,
484 2577 537 2610 eum
554 2563 663 2611 Latinus
679 2564 797 2620 meritur,
821 2561 882 2610 nihii
898 2562 956 2611 nevi
970 2563 1189 2610 senatusconsulto

225 2627 395 2678 introductum
407 2644 474 2688 esse,
488 2632 634 2694 quinetiam
652 2645 686 2679 ece
698 2633 752 2694 tene
765 2629 842 2678 Iunia
855 2631 890 2678 ud
906 2629 1006 2679 eusdem
1023 2627 1088 2678 benn
1101 2628 1192 2676 Latini

224 2699 385 2759 pertineant,
399 2712 445 2746 nee
457 2699 578 2746 extranei
589 2699 696 2747 heredes
708 2699 772 2756 sint,
791 2699 832 2746 eui
842 2699 886 2751 ¹uei
901 2698 957 2760 ipse
974 2697 1138 2744 rnnneenissor
1150 2697 1191 2744 net

227 2763 302 2812 liberi
316 2764 452 2826 praeferri
470 2767 578 2828 possint.
609 2763 664 2814 Sed
679 2768 728 2814 etei
742 2766 907 2814 manumissor
923 2764 1042 2813 Latinum
1064 2770 1189 2811 extranee

226 2833 350 2893 legaverit
363 2828 392 2894 (a,
407 2831 466 2893 195),
481 2831 547 2881 suto
561 2836 638 2882 teeurn
651 2848 700 2882 non
713 2848 769 2882 esee
786 2834 880 2889 videri,
900 2832 968 2896 qued
984 2831 1077 2879 liberes
1096 2837 1191 2878 tentum

226 2903 361 2950 entruneis
372 2899 507 2949 heredibus
517 2903 685 2963 praetulerit.-
702 2917 751 2964 que
769 2901 800 2950 de
813 2915 842 2948 re
857 2907 1000 2948 tamennon
1014 2897 1112 2956 dubito,
1131 2901 1191 2962 quin

227 2967 394 3016 dissenserint
406 2967 477 3024 102·
490 2969 541 3017 siue
554 2976 680 3018 extranee
692 2970 745 3017 siue
757 2970 800 3016 uni
812 2983 847 3016 ece
864 2966 950 3016 tiberis
967 2981 1015 3028 per
1025 2967 1190 3028 praeceptio-

226 3049 281 3082 nem
298 3035 408 3084 Lutinus
423 3035 520 3100 tenuius
537 3035 630 3098 fuerit,
649 3043 673 3084 et
691 3036 730 3084 dis
747 3051 793 3084 een
796 3036 928 3085 treversiis
950 3034 1069 3082 maiorem
1087 3039 1191 3095 partem

223 3102 604 3182 pey.1tt.eeeupeternfuisse
625 3102 801 3167 Sequebantur
811 3104 902 3152 deinde
912 3103 978 3150 etiae
991 3104 1191 3180 controuersiae,

226 3173 273 3218 et'
263 3185 289 3218 en
302 3171 340 3219 bis
349 3172 447 3234 prime,
460 3177 487 3218 nt
496 3178 572 3234 pute,
586 3171 610 3222 si
625 3171 711 3219 tiberis
728 3178 824 3220 tantiam
839 3169 974 3219 heredibus
990 3162 1112 3216 institutis
1128 3181 1192 3216 nnus

226 3239 343 3287 exiisse
356 3237 505 3286 abstinuerit
517 3241 556 3286 vei
566 3239 732 3287 nereditatem
743 3239 877 3301 spreverit.
889 3236 1049 3286 bonaLetini
1060 3237 1096 3284 ud
1107 3249 1192 3285 onmes

226 3321 259 3354 an
272 3307 308 3354 ud
323 3321 367 3356 ens
383 3312 489 3366 tantum,
509 3321 552 3368 qur
547 3305 675 3354 'heredes
690 3306 757 3369 faeti
770 3312 829 3355 sunt
846 3306 927 3370 (quud
942 3305 1026 3354 verius
1043 3301 1093 3366 est)
1109 3303 1192 3365 perti·

226 3380 311 3422 neunt.
341 3371 418 3432 eram
431 3375 602 3436 quaestionem
618 3374 709 3422 deinde
726 3375 810 3422 stetim
823 3372 872 3436 §us
884 3382 917 3422 69.
935 3372 1069 3434 ennepiese
1084 3371 1192 3419 videtur.

226 3437 249 3500 Β)
263 3441 308 3488 Ad
318 3455 416 3489 sensum
429 3455 445 3487 a
459 3439 564 3489 Geeselz.
578 3441 774 3489 demonstratum
787 3457 822 3489 ex
833 3441 944 3502 uestigiis
956 3437 984 3486 0.
997 3439 1107 3504 restitui
