2648 3974
207 191 258 240 322
491 202 553 238 eur
573 201 677 238 merra.
696 189 733 240 iv,
753 187 896 241 tte-180.

208 361 255 401 sus
271 345 413 402 interdicta
429 352 520 401 autern
535 352 645 417 quartae
660 345 754 417 portis.
789 339 852 400 176.
871 343 929 401 Sed
942 345 1056 403 liberum
1072 354 1115 402 est
1129 349 1180 410 itti,

209 447 269 487 eum
292 446 346 503 quo
368 432 471 504 agitur,
499 439 545 485 out
570 429 718 484 calumniae
740 427 868 484 iudicium
891 446 1031 502 opponere
1052 439 1099 487 aut
1120 435 1179 488 ias-

209 518 362 572 iurandum
378 516 501 588 exigere,
518 531 572 569 uon
589 513 737 569 calumniae
752 529 832 569 eausa
847 529 938 587 agere.
982 511 1043 571 tri.
1067 513 1182 572 Contra·

140 603 278 664 utorium
300 608 389 656 eutem
411 598 538 655 iudicium
562 614 594 653 eu
616 599 697 654 certis
712 599 799 653 causis
815 599 1009 664 constituitur,
1033 594 1037 676 Ι
1060 600 1136 656 uelut
1157 602 1181 655 si

208 686 366 741 iniuriarum
382 690 490 756 egetur,
512 684 577 738 etsi
593 699 654 738 cum
669 681 781 738 muliere
798 699 830 738 eo
846 685 955 738 nomine
971 691 1081 759 agutur,
1105 684 1179 758 quod

209 762 381 826 'dicatur245
402 769 505 824 uentris
521 768 630 824 nomine
649 769 678 823 iu
697 768 900 840 possessionem
920 769 1088 826 missu-dolo
1108 768 1180 826 molo

209 854 242 909 ud
258 854 338 909 alium
353 854 557 926 possessiouem
573 851 758 916 transtulisse,
775 853 840 908 etsi
856 855 917 925 quis
932 869 966 908 eo
982 855 1091 910 nomine
1106 861 1178 927 eget,

210 938 283 1012 quod
299 938 384 1001 dicat,
406 953 435 993 se
450 953 465 992 e
480 945 606 1010 praetore
621 937 649 991 in
664 938 865 1009 possessiouem
880 939 992 993 missurn
1007 937 1039 993 ab
1055 938 1107 994 aiio
1123 955 1180 1010 quo

210 1022 355 1078 admissum
370 1037 425 1078 non
441 1037 510 1078 esse.
534 1021 582 1077 sed
598 1020 729 1078 aduersus
744 1023 899 1078 iniuriarum
912 1022 1021 1095 quidem
1036 1023 1179 1078 'actionem

210 1099 290 1166 cias⁶
312 1108 430 1163 decimae
451 1107 535 1180 pertis
551 1105 646 1176 datur,
666 1105 795 1162 aduersus
813 1123 878 1161 uero
895 1106 960 1162 duas
975 1109 1040 1163 istas
1057 1109 1177 1180 quintae.

210 1189 273 1250 178.
298 1192 426 1248 Seuerior
448 1199 537 1247 autem
565 1191 693 1246 coercitio
720 1199 762 1247 est
781 1207 831 1265 per
851 1193 1016 1247 eontrarium
1035 1192 1180 1248 iudicium:

209 1296 275 1334 nant
291 1277 438 1334 calumniae
453 1276 551 1332 iudicio
567 1293 596 1330 x.
614 1277 697 1348 portis
713 1292 792 1331 nemo
809 1275 955 1332 damnatur
969 1278 1022 1332 uisi
1037 1277 1084 1350 qui
1099 1275 1180 1332 intel-

208 1363 286 1437 legit,
302 1379 358 1418 non
372 1368 447 1416 recte
458 1377 488 1415 se
499 1376 589 1434 ogere,
602 1359 650 1415 sed
662 1360 777 1416 uenandi
790 1360 937 1416 aduersarii
948 1363 1033 1434 gratia
1045 1362 1179 1417 uodonem

209 1448 342 1509 instituit,
364 1446 511 1519 potiusque
532 1460 565 1499 en
584 1443 679 1499 iudicis
701 1461 794 1500 errore
817 1444 860 1501 uel
880 1446 1022 1518 iniquitate
1038 1445 1179 1501 uictoriam

211 1540 302 1605 sperat
324 1545 403 1603 quum
425 1545 457 1584 er
472 1543 552 1584 causo
566 1529 704 1584 ueritatis:
726 1529 858 1584 calumnie
874 1531 987 1586 enimin
1004 1530 1111 1586 adiectu
1127 1536 1178 1592 est,

211 1617 282 1672 sicut
296 1615 369 1686 furti
384 1614 499 1668 crimen:
517 1615 652 1670 contrario
667 1629 734 1670 uero
751 1613 850 1669 iudicio
866 1615 1021 1670 omnimodo
1038 1615 1180 1670 demuntur

211 1708 302 1762 actor,
323 1701 346 1754 si
367 1713 473 1754 causum
493 1713 549 1753 non
570 1699 703 1766 tenuerit,
725 1698 789 1754 licet
804 1699 893 1771 aliqui
909 1701 1037 1772 opinione
1052 1687 1180 1755 inductus

182 1855 186 1863 .
210 1784 370 1846 crediderit,
395 1799 424 1838 se
447 1790 521 1838 recte
548 1797 638 1856 egere.
699 1778 763 1841 179.
795 1783 892 1857 Vtique
917 1791 1006 1840 eutem
1028 1783 1179 1857 exquibus

211 1870 298 1926 causis
323 1868 459 1925 contrario
484 1867 583 1922 iudicio
611 1868 672 1942 ’egi
690 1861 818 1942 potest‚⁷
841 1869 921 1924 etiam
942 1869 1090 1924 calumniae
1111 1867 1180 1924 iudi·

210 1955 280 2011 cium
296 1954 386 2011 locutu
402 1951 496 2015 trabem
519 1951 567 2006 sed
582 1952 715 2008 alterutro
732 1961 842 2010 tanturn
857 1953 955 2010 iudicio
972 1969 1053 2027 cgere
1067 1954 1181 2027 permit-

210 2041 291 2096 titur:
314 2056 367 2112 quu
388 2038 494 2094 ratione
514 2037 538 2092 si
553 2037 738 2093 iusiurandum
754 2038 788 2094 de
803 2038 935 2094 calumnia
950 2046 1073 2094 exactum
1088 2038 1180 2100 fuerit,

210 2123 436 2199 quemadmodum
457 2121 604 2177 calumniae
625 2122 754 2178 iudicium
775 2140 830 2179 uon
853 2122 945 2185 datur,
973 2124 1010 2178 itu
1029 2131 1057 2178 et
1072 2129 1179 2179 contru-

184 2213 186 2216 '
209 2211 280 2264 rium
295 2223 351 2264 nou
367 2207 424 2262 dari
439 2205 528 2262 debet.
561 2202 630 2263 180.
648 2205 883 2280 'Restipulutiouis
900 2224 1009 2282 quoque
1024 2223 1110 2280 poena
1127 2199 1180 2260 ex⁸

210 2423 254 2487 ²⁸⁵)
269 2426 361 2474 dicetur
373 2423 400 2475 0.
415 2423 455 2472 ed.
467 2420 518 2484 Ba.
554 2420 575 2483 ⁰)
586 2421 654 2473 donis
668 2421 695 2474 0.
709 2431 856 2488 corruptam
868 2440 903 2474 ex
915 2423 945 2474 it
957 2426 1050 2474 eius:
1059 2421 1179 2470 actionem

211 2495 262 2543 eius
274 2494 291 2542 i.
306 2509 328 2542 e.
340 2491 472 2554 pecuniae,
485 2503 558 2553 qaam
571 2491 695 2552 continet,
709 2498 735 2541 ut
747 2494 775 2540 in
787 2493 995 2542 condemnatione
1005 2492 1121 2540 incertae
1130 2505 1178 2552 pe·

210 2561 301 2610 caniac
313 2557 378 2622 351.
397 2557 514 2606 actionem
527 2558 584 2608 edd.
599 2560 673 2609 ettam
685 2575 739 2609 mea
748 2561 834 2623 prior.
870 2558 890 2622 ⁷)
907 2574 977 2620 ogere
988 2565 1066 2622 potest
1079 2557 1105 2606 G.
1120 2558 1178 2609 edd.

212 2625 324 2692 (sactum
334 2641 372 2676 cc.
389 2641 423 2675 en
435 2623 504 2689 agian>
516 2626 533 2674 i.
548 2642 569 2675 e.
583 2630 620 2688 ogi
634 2634 723 2690 potest,
741 2635 803 2677 nota
821 2635 846 2676 et
862 2629 1036 2690 explicatione
1047 2627 1120 2676 simut
1128 2640 1179 2688 po-

210 2694 284 2759 sita).
335 2692 356 2757 8)
376 2691 512 2757 Suspicor,
537 2694 626 2744 Gaiam
641 2696 792 2758 scripcime:
809 2697 962 2760 Restiputotio
980 2710 1072 2759 quoque
1088 2708 1180 2757 poenae

210 2878 236 2949 3.
251 2882 308 2932 116.
330 2881 367 2944 Os.
382 2879 409 2944 3.
424 2890 469 2930 mo.
489 2882 523 2931 l..
535 2890 569 2934 ιι.
584 2880 645 2946 31.
659 2882 834 2944 insanare.
848 2881 936 2946 (ιιι),
958 2883 1066 2938 Panto,
1080 2890 1099 2931 1.
1115 2878 1141 2944 3.
1157 2888 1178 2931 ι.

211 2951 392 3014 nequeunte.
411 2949 444 2998 t.
458 2958 492 3003 cr.
505 2949 533 3016 3.
547 2959 568 2998 1,
587 2951 620 3002 L.
634 2959 667 3001 er.
680 2951 715 2998 D.
729 2952 761 3001 de
772 2951 845 3002 taret.
859 2946 902 3012 (ιι,
915 2949 948 3014 ι).
973 2950 1005 3000 L.
1021 2958 1053 3001 ιι.
1067 2947 1095 3012 3.
1110 2958 1128 2997 ι.
1142 2947 1178 2997 l).

210 3033 263 3068 rer.
277 3024 354 3069 amat.
367 3012 415 3080 (25,
428 3017 461 3080 2).
484 3019 518 3069 L.
531 3028 551 3066 5.
566 3016 639 3082 3.14.
657 3019 691 3067 D.
705 3019 737 3068 de
750 3033 793 3082 op.
811 3035 836 3067 n.
850 3025 919 3072 nunt.
939 3017 988 3079 (39,
1002 3017 1034 3079 1).
1056 3016 1091 3066 J..
1106 3025 1118 3064 t
1133 3031 1177 3078 pr.

211 3086 244 3135 D.
259 3087 291 3136 de
309 3087 400 3135 danna
418 3086 466 3149 inf.
484 3082 533 3150 (39,
547 3095 579 3150 t).
610 3087 643 3139 L.
657 3095 677 3139 9.
696 3085 725 3136 0.
739 3087 771 3136 de
783 3086 837 3136 reb.
855 3088 926 3136 cred.
945 3082 980 3150 (4,
996 3083 1028 3150 1).
1059 3083 1111 3149 Cia.
1127 3097 1180 3145 pro

211 3154 288 3205 Boeo.
303 3153 369 3203 Corn.
383 3155 448 3216 tfin.
529 3150 557 3222 3
572 3156 629 3205 ltt.
654 3156 674 3203 si
688 3155 771 3213 iniun]
790 3155 825 3216 es.
839 3154 914 3204 Pani.
929 3165 954 3218 t,
967 3162 988 3202 4.
1003 3151 1077 3217 311.
1097 3150 1130 3203 L.
1143 3157 1178 3198 43.

210 3223 244 3272 D.
259 3224 291 3273 de
303 3223 378 3271 iniar.
393 3219 437 3285 (n,
452 3219 496 3285 10).
527 3223 616 3272 sicum
628 3223 738 3281 muliere]
751 3222 785 3285 ef.
800 3223 838 3272 tit.
856 3223 889 3272 D.
902 3224 926 3272 ei
941 3229 1023 3271 venir.
1037 3236 1103 3270 nom.
1120 3221 1178 3266 mat.

211 3288 256 3350 (25,
266 3290 298 3350 5).
318 3290 381 3354 quod
394 3291 458 3339 dicat
471 3305 496 3338 se
509 3305 521 3338 a
534 3293 582 3354 pn]
596 3290 630 3353 ef.
644 3291 684 3339 tit.
699 3291 732 3339 Ι).
744 3307 774 3340 ne
786 3291 878 3352 aiefiat
891 3291 922 3347 ei,
933 3307 957 3354 q.
971 3292 998 3338 in
1009 3303 1080 3353 poce.
1091 3287 1134 3350 (te,
1144 3283 1178 3347 4).

210 3355 309 3424 3178.
329 3355 1000 3422 1111133111.1).αά.ςσ.Τιινρ.(ιι,ιι).
1025 3353 1181 3406 moade

210 3426 316 3474 catana.
332 3423 362 3488 (o,
375 3423 421 3486 re).
441 3425 651 3488 turtiJafio,1er.
731 3424 758 3494 §-
774 3428 831 3477 179.
854 3425 896 3489 Of.
910 3424 937 3490 3.
953 3434 997 3478 tre.
1079 3419 1105 3490 §.
1120 3421 1179 3472 180.

212 3491 312 3556 01133.
326 3501 357 3562 13.
372 3501 417 3541 ιιι.
