2590 4286
531 85 635 122 resen.
655 85 712 123 1vu.
731 85 796 121 uou.
815 85 909 120 vsr1c.
928 73 1073 122 eet-340.

218 269 222 300 ι
318 239 346 288 ct
362 231 557 287 vindiciarum
572 231 618 284 uei
632 225 811 300 itudicatum)
826 225 930 299 dolat),
947 231 1077 299 inpersa

311 309 377 372 'tum
392 312 488 388 dolui)
503 315 670 370 satisdatur.
700 310 750 384 (2.)
773 314 879 368 Actoris
887 307 913 345 ‘¹5
934 322 1077 386 procurato

218 449 221 474 k
318 402 465 457 absentem
480 399 651 471 defendere,
669 400 762 456 sedet
777 413 837 453 rem
853 404 948 454 ratam
965 397 1076 454 dominu

319 486 465 542 satisdare
481 487 602 557 canitur.

381 564 446 626 337.
472 561 654 626 BProcurator
668 575 730 622 aute
746 570 820 641 gesti
833 569 939 641 neuotii
949 571 1068 637 nomine,

317 661 403 728 actas
423 659 501 723 erat,
531 654 650 726 accipere
675 651 803 708 iudicium
824 655 891 709 ticet
910 655 991 723 finito
1012 671 1077 710 man

318 741 471 795 detrectat.
1005 777 1008 784 ,

381 818 453 880 338.
477 815 561 880 ⁷Diui
576 821 756 879 Diocletianus
772 829 800 878 et
811 821 989 878 Constantius
1004 864 1012 878 .
1030 864 1036 878 .
1055 865 1062 878 .

318 923 394 981 quae
409 926 427 962 a
441 913 636 978 procuratore
651 908 719 962 citra
730 906 882 962 mandatum
898 905 1003 962 domini
1015 914 1077 980 qest

318 995 401 1048 bitati
419 996 493 1048 iuris
513 999 564 1048 cst.
600 991 633 1048 Si
652 995 740 1064 initur
762 985 766 1067 Ι
784 991 926 1062 praedia,
950 1007 1025 1064 quae
1047 999 1074 1048 tc

315 1079 465 1148 perhibes,
496 1080 586 1146 inuito
615 1078 725 1132 domiuo
754 1092 769 1130 a
797 1075 1018 1148 procuratoribus
1047 1077 1077 1131 di:

245 1173 251 1180 ‘
318 1164 447 1219 dominus
463 1177 498 1216 ec
519 1164 670 1218 uindicare
690 1177 748 1218 nou
766 1161 949 1234 prohibetur.
979 1177 1012 1216 ex
1033 1177 1077 1234 su}

244 1247 248 1253 '
287 1235 289 1244 X
321 1262 361 1310 ec,
378 1262 445 1318 quoe
460 1253 662 1319 procuratores
684 1251 812 1319 egerant,
832 1248 994 1318 principaii
1012 1261 1077 1302 resc

278 1375 280 1384 .
317 1347 390 1386 mure
405 1330 555 1386 desideras.
592 1347 652 1387 nam
667 1332 826 1404 principum
842 1346 906 1385 cum
922 1334 1077 1401 altuenum

315 1419 459 1492 possessio
475 1423 539 1488 tac,
557 1420 582 1473 si
605 1415 732 1489 temporis
748 1416 878 1471 terminos
890 1421 1077 1490 perpetuaeu

318 1515 437 1573 earessc
449 1509 500 1571 est,
513 1505 585 1558 satis
600 1508 627 1556 te
642 1508 748 1558 tuetur.
777 1500 856 1560 Duta
872 1541 879 1555 .
897 1541 903 1555 .
920 1493 1077 1556 Maritima

380 1581 449 1644 339.
464 1579 486 1619 '⁸
498 1587 637 1659 Ulpianus
650 1587 698 1643 uo.
722 1586 767 1643 VI.
786 1587 825 1641 ad
838 1587 969 1642 edictum.
988 1585 1077 1658 Coyni

317 1679 455 1728 curatore
472 1687 511 1728 eu
534 1674 673 1729 eiusmodi
687 1686 779 1728 causa
795 1673 934 1735 damnato,
952 1687 1020 1743 quse
1034 1687 1077 1743 per

317 1755 413 1810 minias
429 1757 528 1826 affert,
553 1772 645 1829 neque
660 1759 798 1825 dominus,
812 1771 904 1826 neque
916 1759 979 1826 ipse
989 1755 1077 1827 insen

318 1840 379 1908 quia
399 1854 489 1911 neque
504 1839 628 1897 domiuus
645 1841 847 1918 condemnatus
864 1847 905 1896 est
920 1856 1013 1912 neque
1027 1843 1077 1911 ips.

316 1923 451 1992 iudicium
467 1929 589 1995 accepit.
619 1927 671 1981 sed
684 1927 749 1979 etsi
764 1926 890 1998 cognitor
905 1926 933 1980 iu
948 1941 1005 1980 reru
1027 1941 1077 1981 suo

316 2007 390 2062 idem
409 2007 544 2064 dicemus.
580 2009 718 2080 Denique,
737 2013 762 2064 si
781 2026 837 2080 quo
855 2012 980 2079 nmmum
1000 2012 1029 2064 in
1044 2025 1077 2064 re:

218 2157 219 2160 Ἴ
316 2085 382 2147 'iis9
398 2093 425 2146 in
446 2094 587 2150 dominum
607 2109 712 2149 rursus
735 2099 873 2166 tauquam
891 2099 1077 2164 procuratori

316 2184 416 2233 ratore
444 2177 488 2232 uel
513 2179 655 2250 cognitore
682 2176 852 2239 transfertur,
875 2194 976 2250 ¹neque
1006 2182 1031 2232 is
1059 2179 1077 2233 d

379 2282 387 2316 i
454 2303 459 2316 .

313 2260 450 2402 samm
474 2338 629 2402 ⁵¹¹Paultus
643 2348 691 2403 tib.
708 2346 733 2402 I.
752 2345 976 2402 Sententiarum.
1002 2344 1054 2418 (1.)
1071 2359 1077 2412 t

316 2447 368 2486 suo
391 2433 501 2486 nourine
517 2434 703 2504 condemnato
716 2431 807 2503 famae
818 2431 968 2503 periculum
979 2432 1075 2506 inrogo

315 2627 348 2691 45)
374 2630 447 2680 Haec
470 2637 576 2680 exstant
597 2633 623 2680 iu
648 2631 759 2682 Consutt.
785 2641 809 2689 3,
829 2641 848 2680 7.
952 2630 973 2694 6)
998 2631 1077 2681 Sensu

315 2699 494 2750 demonstravi.
532 2698 572 2762 Cf.
592 2696 638 2762 38.
658 2707 705 2748 328.
724 2709 770 2750 332.
806 2698 835 2749 Si
849 2706 981 2762 postrema
997 2700 1077 2762 primi

315 2773 354 2816 est
373 2784 388 2832 q
407 2764 446 2830 (ut
462 2767 539 2816 tabet
559 2767 585 2816 V
588 2766 633 2828 d),
652 2770 819 2831 nepptendum
837 2768 900 2816 erit:
924 2769 1065 2816 Procurator

313 2837 405 2884 minum
421 2841 503 2884 ratum
515 2835 655 2884 habiturum
667 2837 842 2893 sutisdederit‚
856 2836 1022 2884 aduersarius
1040 2849 1077 2883 oc(

314 2917 365 2952 nou
382 2904 546 2966 compellitur.
583 2902 638 2952 Sed
654 2903 719 2953 itanc
737 2906 817 2968 ipsam
834 2903 983 2952 sententiam
1000 2903 1077 2952 aliie

314 2974 446 3032 repressit
463 2970 575 3022 Consult.
594 2979 613 3029 3,
627 2979 649 3022 9.
718 2970 739 3032 7)
758 2971 824 3020 Item
841 2971 957 3026 restitui,
977 2970 1077 3034 quibust

314 3039 468 3086 monstretis.
562 3037 581 3101 ⁸)
601 3038 668 3088 Item
685 3041 796 3095 restitui,
818 3039 914 3102 partim
930 3037 1030 3088 Biumio
1052 3054 1077 3101 pr

313 3104 346 3156 L.
366 3113 385 3153 1.
404 3105 437 3154 L.
456 3113 476 3158 s.
495 3104 520 3169 3.
539 3116 559 3158 2.
582 3107 615 3156 L.
635 3108 720 3156 unt).
739 3107 827 3156 detis
845 3107 955 3170 quinat.
977 3101 1012 3168 (o,
1030 3104 1064 3169 2).

314 3173 346 3221 de
363 3187 436 3234 proc.
456 3169 487 3234 (3,
505 3175 537 3234 3).
561 3175 649 3224 Aliter
667 3175 758 3226 Mons.
828 3171 849 3237 9)
871 3174 909 3222 his
931 3173 991 3224 Vct.
1011 3174 1077 3226 edd„

311 3241 429 3300 firmatur
445 3241 473 3289 V
474 3238 496 3290 d.
550 3239 582 3306 ⁵⁰)
602 3242 667 3292 Item
684 3244 785 3292 restitui
790 3277 797 3301 ,
817 3242 963 3306 quibrudam
979 3248 1077 3290 monstr¹

314 3305 350 3355 Et
368 3321 421 3356 cum
439 3314 529 3371 aperte
547 3312 688 3360 sententiae
710 3313 773 3373 sint,
797 3311 887 3359 Pauito
909 3325 956 3360 eas
974 3309 1077 3358 attribue

313 3375 373 3427 taut.
410 3375 455 3424 Aa
472 3370 507 3441 (t)
526 3377 560 3440 ef.
580 3375 607 3439 g.
627 3385 672 3430 eso.
711 3379 766 3428 (tat
785 3387 804 3434 r,
824 3386 857 3430 er.
