2614 3960
313 239 376 276 nos.
395 240 430 274 nu
450 241 516 278 nou.
536 241 630 275 usovsx
649 239 765 274 coxuxr.
786 227 832 280 llV.
851 229 873 276 3.
1023 229 1071 276 597

108 383 187 438 diuus
204 381 307 436 Marcus
324 397 399 444 eum,
428 383 473 453 qui
489 389 565 436 motu
582 381 707 436 Cassiano
715 374 740 414 ²³
764 383 924 438 uaticinatus
946 391 1017 445 erat,
1045 391 1072 438 et

106 467 192 522 multa
213 467 287 538 quasi
311 481 342 520 ex
368 465 498 520 instinctu
525 467 636 522 deorum
653 465 769 528 dixerat,
791 468 818 521 in
839 467 952 522 insulam
975 465 1072 539 Syrum

108 550 251 623 relegauit.
303 545 331 604 6.
365 545 415 604 ‘Et
430 567 494 604 sane
510 567 563 606 nou
581 549 680 606 dehent
701 553 810 624 impune
832 550 897 605 ferri
918 551 1072 606 huiusmodi

109 635 245 696 homiues,
270 635 316 706 qui
332 633 381 688 suh
395 633 509 689 obtentu
531 629 717 690 ’mouituum‘¹
743 635 856 690 deorum
879 634 1008 707 quaedam
1030 636 1072 690 uel

110 719 260 780 enuntiant,
278 717 321 772 uel
338 719 446 780 iactant,
463 719 508 773 uel
524 721 640 774 scientes
657 720 720 790 ’eos
736 719 873 792 tingunt’
883 713 895 750 5

171 801 236 875 llap.
253 801 295 857 lll.
328 801 565 876 Gregorianus
588 803 678 858 libro
695 797 890 860 ’x1111.⁶suh
909 803 1016 858 titulo
1033 802 1071 858 de

108 885 285 941 maleficis
302 893 334 941 e‘t
350 881 588 942 Manichaois.⁷
624 889 709 960 lmpp.
727 888 913 948 Maximianus,
930 885 1071 942 Diocletia-

108 987 160 1026 nus
178 981 205 1026 et
220 970 377 1026 Maximinus
395 970 555 1026 nobilissimi
571 972 649 1026 AAA.
666 971 770 1026 loliano
783 971 942 1044 proconsuli
954 971 1069 1026 Africae.

107 1053 133 1110 1.
157 1054 216 1110 Otia
237 1056 349 1109 maxima
369 1055 505 1110 interdum
522 1056 644 1112 homines
666 1055 886 1112 incommodioris
907 1046 1070 1110 ¹conditionis
1133 1125 1134 1128 Ἰ

108 1146 220 1196 naturae
236 1139 367 1194 humanae
378 1139 489 1206 modum
506 1141 634 1196 excedere
650 1142 807 1202 hortantur,
830 1147 857 1194 et
879 1137 1007 1211 quaedam
1026 1157 1072 1212 ge-

109 1239 174 1278 nera
189 1224 343 1278 inanissima
359 1240 391 1278 ae
405 1224 560 1295 turpissima
579 1225 717 1279 doetrinae
740 1215 972 1298 ’superstitiosis⁸
995 1223 1072 1276 iudu-

108 1323 169 1362 cere
186 1307 308 1368 suadent,
333 1315 363 1362 ut
378 1309 420 1362 sui
436 1308 536 1363 erroris
552 1308 662 1364 arhitrio
678 1309 836 1381 pertrahere
850 1315 877 1362 et
893 1307 958 1362 alios
971 1307 1072 1361 multos

108 1390 260 1452 uideantur,
283 1391 554 1447 luliane‘lxarissimo.
606 1387 635 1448 2.
658 1385 731 1446 9Sed
758 1391 794 1447 dii
825 1391 982 1446 inmortales
1009 1407 1072 1462 pro·

107 1475 229 1530 uidentia
244 1491 293 1530 sua
309 1468 474 1530 ordinare'et
491 1477 635 1550 disponere
651 1477 754 1550 dignati
769 1483 847 1538 sunt,
871 1491 938 1547 quae
959 1475 1030 1529 hona
1046 1483 1073 1529 et

108 1574 174 1613 uera
189 1567 261 1622 suut,
283 1566 313 1614 ut
333 1561 480 1615 multorum
497 1568 523 1615 et
544 1561 679 1617 honorum
707 1569 734 1616 et
754 1561 929 1634 egregiorum
950 1561 1072 1624 uirorum

109 1635 234 1715 ⁹(ore),3⁰
251 1654 278 1699 et
296 1646 553 1718 sapientissimorum
572 1646 685 1704 oonsilio
701 1653 729 1701 et
744 1651 860 1700 tractatu
881 1643 993 1698 inlibata·
1009 1660 1072 1716 pro-

108 1727 239 1782 barentur
260 1734 286 1782 et
299 1736 497 1784 statuerentur:
515 1730 612 1802 quihus
629 1748 679 1786 rree
695 1730 800 1786 obuiam
815 1732 863 1789 ire,
880 1729 1072 1783 nee-resistere

8 1867 12 1888 ,
109 1811 149 1866 sas
167 1819 216 1874 est,
233 1829 322 1884 neque
338 1814 501 1886 reprehendi
517 1831 531 1869 a
546 1831 617 1870 noua
634 1823 713 1870 uetus
728 1815 825 1887 religio
842 1812 930 1866 dehet.
967 1810 1071 1866 Maximi

17 1887 19 1890 ’
93 1897 181 1950 euim
197 1897 314 1950 oriminis
331 1904 381 1959 est,
398 1905 557 1961 retractare,
580 1916 648 1972 quae
664 1899 746 1954 semol
763 1897 810 1952 'ab
827 1888 1002 1967 antiquitate¹
1019 1901 1072 1948 sta-

107 2089 186 2140 verbo
203 2092 363 2140 intercidisse
379 2099 464 2154 putot.
487 2095 553 2142 Mihi
568 2111 718 2157 persuasum
737 2100 783 2151 est,
802 2110 841 2151 ea,
861 2107 926 2157 quoe
940 2089 966 2153 S.
979 2100 998 2139 6.
1012 2107 1070 2140 eon-

108 2161 229 2221 tinentur,
248 2158 311 2206 haee
329 2160 387 2222 ipsa
398 2160 476 2208 uerba
489 2175 552 2217 esse,
566 2179 581 2209 a
594 2163 714 2219 librariis,
728 2177 791 2225 quos
805 2162 874 2224 quod
885 2166 943 2207 ante
956 2161 1070 2221 leperont

108 2227 137 2274 de
156 2227 202 2274 tine
221 2227 271 2276 eius
288 2251 322 2260 —-
341 2227 430 2276 subieci
450 2229 563 2290 decepit,
583 2230 619 2277 od
633 2231 709 2290 finem
731 2229 808 2276 totius
825 2227 946 2290 earcerpti
962 2227 1068 2275 reiecto.

106 2294 201 2357 Itaque
220 2309 250 2342 ea
268 2293 345 2342 verba
364 2301 432 2342 rerte
451 2297 611 2358 allegationis
628 2298 708 2360 sipnis
727 2296 843 2346 distinxi.
919 2291 951 2356 23)
970 2310 995 2341 a.
1015 2303 1069 2350 175„

107 2363 139 2410 de
158 2375 206 2426 quo
224 2363 273 2412 oid.
293 2362 325 2416 L.
345 2371 355 2408 t
372 2378 416 2426 pr.
438 2362 464 2414 C.
485 2365 520 2412 ud
541 2365 588 2426 lep.
607 2363 658 2416 lui.
677 2365 733 2412 moi.
753 2362 787 2424 (9,
807 2362 840 2424 8).
877 2361 1012 2424 Capitolio.
1031 2361 1069 2410 M.

107 2429 203 2478 Anton.
224 2439 255 2478 15.
283 2430 343 2477 Ver.
363 2437 381 2480 8.
415 2431 513 2481 Valeat.
534 2434 560 2478 in
577 2430 654 2480 Aoid.
678 2431 780 2480 Tertutt.
800 2431 869 2494 apol.
888 2437 924 2478 35.
1009 2425 1032 2492 ⁴¹)
1050 2437 1072 2476 et

107 2497 197 2544 monitu
215 2496 249 2544 B.
272 2497 318 2545 Ve.
339 2498 397 2546 edd.
425 2505 447 2546 et
465 2498 579 2546 monitum
601 2499 643 2550 Vi.
669 2497 709 2561 Of.
731 2497 784 2546 Cis.¹
801 2498 877 2548 divin.
891 2505 909 2554 2,
928 2505 961 2544 tt.
988 2493 1070 2545 Toeit.

108 2563 270 2622 trisenon.
297 2562 373 2612 oreti.
390 2565 477 2614 inser.
498 2573 556 2616 asra.
574 2574 631 2616 1790.
661 2566 762 2617 Gmter.
782 2574 826 2624 rou,
847 2574 865 2616 1.
886 2571 911 2614 et
928 2566 960 2613 de
977 2566 1072 2628 pteron·

107 2630 176 2680 Ptin.
193 2645 286 2694 panop.
306 2640 339 2681 76.
362 2634 512 2696 reuererique
530 2634 651 2682 numinum
669 2635 783 2689 monitus,
802 2633 871 2681 Ptin.
885 2631 916 2680 N.
932 2633 967 2680 H.
981 2642 1002 2689 a,
1015 2641 1035 2692 7,
1049 2641 1069 2684 5.

111 2698 169 2746 Vol.
188 2698 274 2746 Ftooe.
295 2707 313 2755 1,
333 2708 365 2746 27.
434 2697 454 2762 ⁵)
474 2698 595 2749 Sietldd.
620 2703 757 2762 eon-fingunt
775 2716 810 2749 em
828 2700 896 2748 Pon
916 2701 950 2760 ej.
971 2701 1012 2749 ed.
1027 2699 1070 2746 ut.
1094 2714 1095 2717 ¹
1132 2697 1134 2701 '

107 2763 215 2828 Spectat
233 2766 280 2814 hoo
298 2767 334 2815 od
351 2782 405 2823 eos,
426 2769 469 2832 qni
484 2768 543 2830 ipsa
566 2770 669 2818 deorum
686 2771 792 2817 oracula
815 2771 854 2816 uel
875 2769 983 2815 monitus
1004 2781 1021 2814 a
1043 2781 1071 2813 se

103 2835 178 2896 fictos
190 2835 274 2882 edunt.
319 2833 405 2896 ⁸)v11.
419 2833 453 2883 B.
474 2851 514 2884 vr.
530 2836 576 2886 Ve.
598 2835 832 2898 v1111‚cj.Selzult.
856 2834 948 2882 Verius
960 2833 1069 2881 Haenet.

107 2901 143 2948 ad
159 2901 199 2949 lid.
214 2901 296 2950 XIV.
315 2904 412 2951 retulit.
481 2901 501 2964 ⁷)
520 2903 560 2952 De
578 2903 626 2952 doe
644 2911 723 2953 const.
742 2905 792 2952 oid.
811 2915 873 2965 quos
891 2903 971 2948 citant
982 2899 1023 2949 Bt.
1038 2900 1073 2948 ad

107 2968 131 3015 h.
151 2970 167 3015 l.
186 2969 297 3018 Haeret.
316 2971 352 3018 ad
371 2969 445 3034 Greq.
466 2970 494 3022 0,
512 2987 540 3034 p.
553 2979 587 3021 44.
624 2971 764 3034 Inscriptio
783 2971 837 3018 sine
856 2967 930 3018 dudio
949 2975 1072 3030 corrupta

108 3040 153 3082 est.
189 3037 263 3099 lmpp.
282 3039 443 3086 [iiosleiianus
462 3045 483 3086 et
501 3039 654 3087 Maximianus
672 3041 716 3090 hh.
742 3045 764 3087 et
782 3037 932 3086 Constantius
956 3044 979 3084 et
1000 3037 1072 3084 Maxi-

108 3102 199 3150 mianus
217 3104 360 3154 nobilissimi
381 3105 426 3159 CC.
447 3108 482 3167 ej·
501 3105 642 3168 probabitis
653 3107 783 3156 Momseni
800 3105 836 3154 ad
846 3104 892 3154 Fr.
908 3105 968 3152 Vat.
982 3119 1009 3166 p.
1023 3112 1070 3154 405.

108 3166 128 3229 8)
149 3172 322 3230 superstitionis
342 3171 404 3224 cdd.
442 3175 605 3236 superstitioni
623 3175 665 3228 ed.
684 3173 728 3222 Bi.
767 3174 803 3222 De
826 3187 871 3220 usu
894 3173 1014 3235 loquendi
1035 3170 1070 3231 ef.

112 3235 202 3284 Vellei.
215 3245 236 3298 2,
249 3245 282 3285 36.
296 3236 323 3300 8.
337 3249 355 3291 1.
425 3237 447 3302 9)
467 3241 507 3302 Cf.
521 3241 627 3304 Dionys.
641 3249 661 3297 2,
677 3249 708 3290 19.
727 3241 786 3289 Lio.
800 3250 817 3297 t,
832 3247 864 3288 19.
884 3246 917 3298 39,
931 3247 963 3288 to.
981 3236 1071 3299 Polyb.

108 3312 127 3359 6,
147 3309 179 3350 54.
207 3303 281 3356 Perat.
299 3305 327 3354 S.
346 3307 378 3357 R.
397 3318 416 3362 5,
435 3316 468 3354 21.
489 3306 516 3370 3.
535 3317 556 3356 2.
647 3305 679 3369 30)
699 3309 821 3371 Suppleoi
838 3305 973 3354 adsumtum
990 3304 1074 3352 visino

107 3371 200 3422 uiroru.
226 3370 269 3419 Sio
287 3371 357 3424 Suet.
378 3373 427 3422 Iul.
446 3383 479 3422 88.
503 3375 679 3424 decernentium
699 3391 739 3427 ore
758 3383 819 3431 eto,
844 3371 931 3436 quihus
954 3373 974 3420 ii
991 3385 1075 3434 appo·

109 3444 208 3496 nentur,
228 3453 332 3503 quorum
349 3442 453 3490 consilio
472 3445 512 3490 usi
527 3449 593 3492 sunt.
664 3441 683 3505 1)
703 3442 750 3490 Ere
766 3437 918 3502 Bilderdplr.
938 3439 973 3500 ο).
1011 3441 1073 3487 anti-

111 3507 187 3570 quitus
205 3505 304 3556 Boron.
342 3508 370 3556 ah
390 3509 492 3570 antiquis
512 3508 574 3558 cdd.
594 3511 653 3560 edd.
1047 3505 1048 3508 '
