2634 3966
94 141 149 156 Ι
175 209 177 216 x
206 179 256 228 114
512 191 573 226 ean
593 191 697 226 rusam.
716 179 734 226 l.
754 177 863 226 53-56.

205 331 265 386 dem
287 339 409 404 potestas
429 332 496 386 iuris
517 332 640 403 gentium
662 339 718 384 est:
745 347 805 384 nam
828 331 901 401 apud
926 346 1017 384 omnes
1037 347 1174 404 peraeque

205 424 300 490 gentes
321 415 532 471 animaduertere
550 430 709 488 possumus,
735 414 849 469 dominis
871 415 899 468 in
921 421 1016 469 seruos
1038 417 1109 470 uitae
1124 433 1173 470 ne·

205 501 298 572 eisque
313 507 477 573 potestatem
494 515 561 560 esse,
579 504 606 553 et
622 501 812 570 quodcumque
828 513 877 569 per
888 515 997 553 seruum
1012 499 1169 572 adquiritur,

88 577 94 662 ζ
122 633 123 636 ,
160 577 544 654 14.iddomino'adquiri.55
588 577 635 638 53.
661 581 713 636 Sed
736 583 788 637 hoo
805 591 925 654 tempore
941 600 1029 656 neque
1045 579 1170 659 ciuibus!

203 668 344 730 Romanis;
374 683 424 721 neo
445 666 507 721 ullis
529 667 586 721 aliis
608 665 776 729 hominibus,
804 668 849 738 qui
870 666 920 721 sun
943 669 1056 739 imperio
1077 668 1171 740 populi

188 752 316 809 liomani
332 758 409 813 sunt,
427 750 490 806 lieet
506 751 713 826 supramodum
734 759 761 805 et
777 753 834 806 sine
850 767 928 806 cansa
948 753 976 804 in
992 768 1087 806 seruos
1103 768 1169 806 suos

202 837 322 890 saeuire:
339 851 399 889 nam
414 851 446 888 ex
462 836 657 890 constitutione
673 837 843 890 sacratissimi
856 837 1027 906 imperatoris
1040 837 1169 890 Antonini
1240 866 1241 869 =

204 921 249 992 qui
266 920 326 974 sine
340 935 420 975 eausa
435 935 544 974 seruum
561 935 639 973 suum
655 919 795 980 occiderit,
818 935 873 974 non
889 920 977 973 minus
992 920 1079 974 teneri
1095 918 1170 974 iube-

121 995 122 998 *
202 1012 259 1066 tur,
278 1020 357 1075 quam
374 1004 419 1076 qui
435 1002 550 1058 alienum
567 1019 676 1057 seruum
692 1002 828 1058 occiderit.
859 1002 906 1058 sed
922 1011 949 1058 et
964 1005 1047 1072 maior
1060 1019 1169 1075 quoque

90 1097 91 1100 ’
118 1129 138 1136 ,,
202 1089 333 1162 asperitas
354 1081 535 1142 'dominorum
565 1103 615 1159 per
642 1087 762 1142 eiusdem
789 1079 916 1160 prinoipis
945 1088 1167 1142 constitutionem

104 1195 107 1208 ²
132 1219 135 1224 .
202 1180 357 1228 coercetur:
379 1189 439 1227 nam
455 1171 596 1227 consultus
618 1171 806 1243 aquibusdam
828 1170 995 1244 praesidibus
1016 1172 1168 1244 pronineia·

95 1247 96 1250 '
156 1261 158 1264 '
200 1273 260 1312 rum
275 1256 309 1311 de
325 1257 366 1311 his
383 1258 478 1317 seruis,
491 1257 536 1328 qui
553 1256 584 1310 ad
601 1255 661 1310 lana
677 1255 788 1310 deorum
801 1256 845 1310 uel
858 1255 890 1310 ad
902 1263 1003 1310 statuas
1015 1257 1166 1327 principum

200 1341 380 1413 confugiunt,
397 1341 547 1412 praecepit,
569 1348 600 1394 ut
620 1341 643 1393 si
659 1338 835 1394 intolerabilis
853 1339 977 1395 uideatur
997 1340 1167 1394 ‹lominorum

200 1427 321 1488 saeuitia,
338 1431 471 1497 cogantur
486 1441 581 1478 seruos
598 1441 662 1478 suos
676 1425 803 1479 uendere.
829 1433 856 1479 et
872 1433 1018 1497 utrumque
1032 1432 1106 1479 reete
1122 1421 1166 1478 fit:

199 1509 267 1563 male
283 1511 353 1563 enim
370 1517 465 1563 nostro
486 1510 544 1563 iure
566 1510 606 1563 uti
621 1523 677 1563 non
692 1507 835 1570 delremus;
858 1523 910 1580 qua
931 1509 1035 1563 ratione
1058 1517 1084 1562 et
1105 1525 1167 1579 pro·

202 1593 270 1665 digis
287 1592 459 1648 interdicitur
481 1591 615 1647 bonerum
639 1609 750 1646 suorum
766 1593 969 1647 administratio,
1017 1589 1065 1646 54.
1091 1591 1166 1656 Cete-

197 1693 257 1730 rum
274 1692 334 1731 eum
350 1679 424 1748 apud
438 1675 652 1732 oiuesRomanos
669 1677 767 1748 duplex
783 1677 818 1730 sit
833 1676 980 1730 dominium
994 1677 1063 1746 (nam
1079 1675 1123 1728 uel
1139 1676 1164 1727 in

197 1759 277 1815 honis
290 1761 335 1814 uel
344 1777 375 1814 en
389 1762 446 1815 inre
459 1759 602 1827 Qniritium
615 1759 660 1815 uel
676 1777 706 1815 en
719 1768 836 1832 utroque
851 1761 909 1814 inre
925 1760 1056 1830 cuiusque
1068 1774 1163 1812 seruus

198 1843 258 1900 esse
274 1843 465 1918 intellegitur),
488 1846 524 1899 ita
540 1845 647 1900 demum
663 1861 770 1900 seruum
792 1846 820 1898 in
836 1851 971 1916 potestate
987 1843 1088 1897 domini
1104 1857 1164 1896 esse

93 1919 94 1922 ¹
126 1959 127 1962 ¹
197 1929 332 1992 dicemus,
357 1930 422 1995 siin
437 1928 515 1984 bonis
532 1931 589 1984 eius
606 1931 654 1991 sit,
679 1931 784 1983 etiamsi
798 1927 878 1983 simul
894 1945 927 1982 ex
948 1929 1005 1983 iure
1021 1925 1163 1992 Quiritium
1213 1955 1215 1957 ·

196 2013 317 2068 eiusdem
345 2031 400 2068 non
427 2016 478 2069 sit:
506 2030 566 2068 nam
595 2016 640 2086 qui
669 2013 769 2067 nudum
797 2013 838 2067 ius
861 2011 1003 2078 Quiritium
1030 2013 1057 2065 in
1083 2027 1163 2064 seruo

196 2097 293 2173 habet,
310 2101 332 2153 is
348 2105 512 2170 potestatem
528 2098 626 2153 haltere
642 2115 698 2154 non
714 2097 891 2168 intellegitur.

259 2180 306 2238 55.
330 2183 398 2238 Item
414 2177 451 2238 in'
456 2190 593 2256 potestate
605 2192 698 2237 nostra
710 2189 774 2236 sunt
789 2180 866 2236 liberi
881 2183 983 2243 nostri,
1002 2196 1070 2252 quos
1086 2181 1164 2234 iustis
1194 2208 1196 2213 ·

197 2268 299 2339 nuptiis
315 2269 527 2338 procreauimus.
562 2267 641 2338 ¹quod
656 2268 697 2321 ius
713 2267 854 2338 proprium
869 2267 968 2320 oinium
984 2263 1163 2318 Romanorum

17 2386 44 2427 ,4
195 2359 251 2405 est:
269 2352 324 2404 lere
341 2353 411 2406 enim
427 2351 494 2410 nulli
510 2352 554 2405 alii
570 2360 634 2406 sunt
649 2351 788 2412 homines,
806 2351 852 2422 qui
867 2349 947 2403 talem
968 2350 995 2402 in
1012 2346 1081 2401 lilios
1097 2362 1162 2400 suos

24 2438 48 2479 ’ῑῑ
81 2501 82 2504 ¹
103 2503 104 2506 Ἰ
146 2447 186 2494 15.
199 2433 303 2501 habent
313 2443 490 2506 potestatem,
508 2434 613 2506 qualem
630 2451 680 2489 nos
696 2434 833 2489 habemus.
858 2433 940 2505 idque
953 2427 1034 2487 diuus
1045 2424 1162 2506 Haldria·

39 2517 48 2530 “’
196 2534 250 2573 nus
266 2518 369 2580 edicto,
393 2517 466 2590 quod
482 2521 626 2591 proposuit
641 2519 674 2574 de
690 2519 745 2580 his,
770 2519 816 2590 qui
832 2516 881 2572 sibi
897 2515 1043 2588 liberisque
1059 2516 1114 2569 suis
1131 2513 1162 2568 alr

197 2618 229 2656 eo
246 2603 382 2657 ciuitatem
393 2600 537 2657 Romanam
548 2603 688 2676 petebant,
705 2601 876 2674 significauit.
902 2617 952 2655 nee
967 2616 1009 2655 me
1023 2602 1160 2672 praeterit,

195 2685 347 2741 Galatarum
364 2695 475 2758 gentem
491 2686 608 2748 eredere,
624 2688 653 2741 in
668 2693 805 2758 potestate
820 2693 962 2757 parentum
977 2683 1075 2739 liberos
1092 2699 1160 2738 esse.

195 2766 243 2838 56.
277 2771 389 2843 ’Inatos
405 2778 500 2826 antem
520 2775 639 2842 nuptias
660 2774 842 2826 contraxisse
857 2771 1020 2841 liberosque
1040 2771 1076 2824 iis
1091 2785 1162 2838 pro-

197 2902 290 2910 —m-
296 2903 390 2910 1—-00-

194 2984 225 3048 ⁵⁵)
251 2988 380 3050 adquiritur
399 2987 425 3036 0.
445 2989 503 3036 eda.
535 2986 730 3035 Seclseateutia
749 2993 773 3034 et
791 3001 833 3034 res
851 2987 910 3048 ipsa
928 2982 972 3045 (cf.
992 2989 1060 3038 l,5-l.
1079 2978 1161 3044 2,88.)
1231 3026 1233 3030 ,
1314 2961 1316 2982 ⁴

192 3107 391 3115 mn..

146 3193 148 3197 ·
192 3189 218 3257 §-
232 3194 271 3241 aa
284 3209 319 3235 ε,
330 3191 362 3240 a.
376 3200 396 3239 1.
411 3189 438 3252 e.
453 3200 472 3239 2.
491 3192 523 3239 n.
537 3188 563 3253 e.
577 3200 598 3242 2.
611 3189 635 3240 1.
650 3190 706 3239 eoa.
729 3187 765 3249 es.
782 3187 876 3239 narrat.
890 3187 908 3243 a,
923 3195 942 3233 2.
956 3193 975 3234 a.
990 3183 1107 3248 prodigis]
1123 3179 1161 3242 of.

19 3256 26 3291 a
192 3261 265 3310 Paul.
279 3267 300 3320 a,
314 3265 351 3306 4⁸.
365 3255 392 3320 3,
406 3266 425 3308 a.
501 3255 526 3324 ξ.
541 3259 581 3308 54.
603 3256 643 3317 Of.
663 3254 711 3319 §8¹
725 3264 748 3303 21
759 3253 777 3305 b.
793 3263 825 3302 aa.
848 3253 919 3313 infra
932 3262 955 3309 2,
969 3259 1003 3300 aa.
1016 3259 1051 3301 aa.
1075 3258 1099 3310 3,
1115 3257 1159 3302 rao.

196 3327 256 3391 Ulp.
270 3336 288 3384 1,
302 3335 334 3376 16,
358 3325 487 3388 Theophil.
501 3334 519 3384 1,
533 3334 553 3373 5.
567 3323 594 3387 S.
609 3332 628 3374 4.
708 3319 788 3387 ξὸὅ,
806 3340 840 3364 =
857 3321 924 3373 L.³.
944 3320 976 3372 D.
992 3321 1023 3368 de
1035 3319 1074 3367 laia
1088 3334 1110 3382 q.
1124 3318 1164 3366 aui

20 3395 37 3458 ³³3
67 3435 68 3438 ,
191 3412 213 3446 v.
227 3397 260 3446 al.
273 3396 321 3444 ior.
337 3390 366 3456 (1,
380 3391 412 3454 u).
425 3409 467 3456 pr.
485 3390 512 3454 3.
526 3403 546 3444 2.
566 3391 589 3440 I.
609 3391 640 3440 de
657 3398 727 3453 potr.
744 3395 797 3452 put.
812 3387 842 3448 (l,
856 3386 889 3449 9).
913 3387 985 3450 infra
1002 3383 1076 3448 593.
1100 3385 1162 3433 Dio·
1196 3387 1201 3396 '

21 3462 22 3465 ’
87 3491 89 3498 1
109 3491 115 3528 .1,
192 3477 246 3526 aps.
260 3471 279 3520 2,
293 3471 326 3510 26.
346 3462 490 3518 Galatarum]
503 3460 537 3522 es.
552 3459 623 3509 Gaea.
639 3459 670 3506 de
683 3458 706 3507 b.
720 3457 784 3506 Gall.
798 3463 819 3513 6,
834 3463 866 3503 19.
945 3450 972 3518 ξ.
986 3453 1026 3503 56.
1047 3451 1087 3514 Of.
1103 3451 1161 3514 Uip,
