2634 3960
201 156 252 204 252
486 167 548 204 ean
566 169 673 204 msere,
689 156 728 205 lli.
749 155 891 206 182-186.

265 307 332 368 182.
358 310 535 366 Transeamus
556 319 633 366 nune·
650 310 683 365 ad
705 309 899 384 obligationes,
926 327 994 383 qnae
1017 327 1049 364 er
1070 309 1170 368 delieto
1216 365 1217 368 ,

188 388 335 457 oriuntur,
352 395 438 451 ueluti
458 396 481 449 si
498 396 558 466 quis
574 394 676 450 lurtum
691 394 798 457 lecerit,
814 393 886 449 bona
900 396 1028 468 rapuerit,
1045 394 1171 451 damnum
1197 453 1199 460 ,

200 479 319 543 dederit,
338 481 463 535 iniuriam
479 480 657 534 commiserit·
681 476 793 552 quarum
810 481 929 534 omniurn
944 495 1036 534 rerum
1051 496 1106 535 uno
1122 496 1171 554 ge·

200 581 265 620 nere
281 565 406 620 consistit
422 559 567 636 obligatio,
589 579 653 619 eum
672 580 704 618 ex
726 570 868 618 contractu
883 561 1086 637 obligationes
1078 579 1172 620 rn1111

201 665 303 723 genera
318 647 502 710 deducantur,
518 649 589 704 sieut
604 664 686 720 supra
701 649 885 720 exposuimus.

264 730 331 791 188.
355 731 568 788 durtorumt
522 739 568 788 aut
570 748 611 787 em
632 747 735 805 genera
752 730 864 787 Seruius
880 730 1015 804 Sulpicius
1038 741 1066 788 et
1085 731 1172 788 Masu-

201 819 257 873 rius
271 816 385 874 Sabinus
396 832 448 871 1111
464 832 524 872 esse
539 815 679 878 dixerunt,
695 815 867 871 manifestum
883 824 911 871 et
925 833 975 872 neo
990 805 1174 880 manifestum,

201 909 362 976 conceptum
384 909 411 956 et
433 899 567 956 oblatum:
595 899 684 955 babeo
709 899 777 963 duo,
804 899 991 962 manifestum,
1018 916 1069 955 nec
1089 902 1174 956 mani·

201 987 314 1048 festum:
341 1001 403 1040 nam
433 993 594 1058 conceptum
622 992 649 1040 et
675 983 794 1040 oblatum
818 986 932 1057 speeies,
945 985 1037 1058 potius
1059 986 1173 1041 aetionis
1303 1025 1308 1038 .-

202 1087 262 1126 esse
288 1069 362 1125 furto
389 1070 582 1132 cohaerentes,
611 1085 690 1142 quam
711 1084 811 1142 genera
837 1067 987 1131 furtorum
1015 1069 1089 1140 quod
1109 1083 1173 1126 sane
1214 1089 1217 1094 Δ
1307 1061 1308 1064 '

203 1155 294 1209 uerius
322 1152 441 1215 uidetur,
470 1155 540 1208 sient
565 1152 677 1209 inlerius
704 1151 852 1224 apparebit.
909 1149 976 1209 184.
1004 1152 1173 1208 Manifestum
1306 1141 1308 1174 ³

189 1257 190 1260 ¹
199 1239 312 1311 furtum
328 1237 439 1311 quidam
454 1237 481 1292 id
498 1254 558 1292 esse
574 1237 707 1299 dixerunt,
725 1235 800 1308 quod
810 1235 927 1300 namot,
944 1236 1172 1309 deprehenditur:

204 1323 245 1378 alii
262 1339 332 1380 uero
350 1320 477 1383 ulterius,
501 1321 574 1394 quod
590 1338 622 1377 eo
639 1321 700 1376 loeo
716 1319 942 1393 deprehenditur,
967 1319 1014 1376 ubi
1030 1319 1074 1384 lit,
1096 1322 1173 1376 uelut

203 1409 275 1462 siin
297 1406 398 1462 olineto
420 1405 567 1478 oliuarum,
589 1408 617 1462 in
639 1407 733 1461 uineta
755 1419 868 1460 unarum
885 1404 988 1460 lurtum
1004 1404 1105 1460 laetum
1121 1413 1172 1468 est,

205 1491 332 1564 quamdiu
352 1491 387 1548 in,
403 1506 435 1544 eo
452 1489 555 1544 olineto
571 1497 617 1544 aut
633 1491 726 1545 uineta
741 1488 787 1544 lur
801 1491 849 1551 sit;
869 1497 917 1556 aut
934 1489 1000 1543 siin
1016 1488 1097 1544 domo
1114 1490 1172 1544 iur-

206 1584 261 1631 tum
283 1573 383 1630 laetum
404 1575 453 1635 sit,
477 1573 603 1646 quamdiu
624 1575 652 1629 in
668 1590 698 1629 ea
713 1573 794 1629 domo
810 1573 855 1628 sur
870 1575 919 1628 sit:
942 1572 986 1628 alii
1002 1572 1090 1628 adhue
1104 1574 1174 1629 ulte·
1216 1593 1222 1601 ·

204 1661 260 1714 rius
283 1673 408 1731 eousque
429 1656 601 1714 manifestum
623 1658 726 1714 lurtum
748 1674 808 1713 esse
823 1658 964 1720 dixerunt,
991 1657 1078 1712 donee
1099 1659 1174 1731 ’per-

205 1735 373 1800 terretur-¹⁶⁴
387 1759 436 1806 en.
453 1759 508 1815 quo
530 1742 651 1816 perferre
671 1741 715 1797 fur
730 1741 910 1798 destinasset:
932 1741 976 1796 alii
996 1740 1083 1796 adhue
1104 1742 1174 1797 ulte·

204 1829 275 1890 rius,
304 1827 467 1900 quandoque
489 1843 546 1882 eam
568 1844 624 1882 rem
645 1827 690 1888 sur
704 1834 800 1882 tenens
816 1829 892 1882 nisus
908 1826 1001 1887 luerit:
1030 1841 1099 1898 quae
1113 1841 1175 1882 sen·

205 1913 288 1968 tentia
308 1929 363 1969 non
383 1913 514 1984 optinuit:
542 1914 639 1968 sedet
659 1911 769 1966 illorum
790 1913 938 1972 sententia,
967 1911 1015 1983 qui
1039 1909 1175 1965 existima·

207 2004 318 2060 uerunt,
345 1996 432 2052 donec
453 1989 661 2069 ''perferretur4
681 2011 728 2057 eo,
751 2011 806 2067 quo
822 1995 867 2050 fur
882 1995 1057 2059 destinasset,
1079 1993 1176 2068 depre-

205 2081 318 2138 hensum
340 2080 444 2138 furtum
465 2079 664 2151 'manifestum
691 2095 768 2150 esse,
798 2100 817 2136 a
834 2073 984 2152 plerasque
1000 2088 1004 2142 1
1021 2079 1177 2150 improbata

138 2172 194 2221 111.
206 2175 262 2234 est,
289 2169 417 2238 quoniam
432 2159 580 2222 ιιιοιιινεε5
602 2163 811 2235 dubitationem,
837 2171 932 2221 utrum
949 2155 953 2242 l
971 2165 1054 2220 unius
1070 2164 1124 2219 diei
1141 2181 1175 2220 art

206 2253 286 2305 etiam
310 2249 429 2323 plurium
455 2249 558 2304 dierum
585 2250 671 2321 spatio
697 2247 725 2304 id
746 2247 943 2304 terminandum
964 2249 1013 2310 sit;
1041 2246 1115 2319 quod
1141 2264 1174 2303 eo

206 2335 336 2406 pertinet,
360 2335 421 2406 quia
441 2348 522 2406 saepe
542 2334 570 2388 in
591 2332 649 2388 aliis
670 2331 824 2388 ciuitatibus
845 2339 994 2406 surreptas
1008 2348 1052 2387 res
1067 2333 1095 2386 in
1111 2331 1175 2388 alias

206 2419 329 2472 ciuitates
354 2417 398 2472 uel
425 2417 452 2470 in
479 2416 542 2472 alias
569 2416 723 2490 prouincias
754 2416 871 2473 destinat
900 2417 945 2472 lur
973 2415 1113 2490 perferre:
1144 2433 1176 2473 ex

207 2499 309 2556 duabus
330 2501 422 2573 itaque
442 2500 628 2574 superioribus
649 2500 822 2574 opinionibus
843 2501 975 2556 alterutra
996 2500 1194 2576 adprobatum

207 2586 291 2658 magis
312 2591 401 2639 tamen
422 2585 745 2659 plerique·posteriorem
763 2585 888 2658 probant.
933 2581 998 2642 185.
1022 2585 1078 2640 Neo
1092 2587 1175 2641 mani·
1306 2631 1308 2650 ,

207 2671 307 2725 festum
328 2667 431 2723 furtum
453 2669 525 2742 quod
547 2671 596 2731 sit,
624 2686 655 2738 en
676 2669 721 2732 iis,
749 2686 818 2742 quae
833 2670 963 2731 diximus,
991 2670 1174 2745 intellegitur:
1210 2684 1212 2688 ’
1307 2729 1308 2736 ,

207 2771 268 2809 nam
284 2753 357 2827 quod
372 2745 542 2809 manifestum
558 2770 614 2810 non
635 2761 691 2818 est,
712 2753 739 2809 id
760 2771 811 2810 nee
826 2754 998 2810 manifestum
1013 2762 1063 2810 est.
1109 2749 1176 2812 188.

209 2969 250 3032 ¹⁶⁴)
264 2973 380 3034 perferret
395 2971 420 3020 0.
435 2972 493 3022 edd.
542 2967 899 3044 θ)111111111ιί*όέιιι’11.ς’ρ.1111.
919 2969 953 3018 In
965 2972 1056 3018 lacuna
1068 2971 1172 3033 aliquam

207 3176 257 3226 irad.
274 3173 304 3237 (ι,
318 3175 362 3235 aa).
445 3170 471 3238 ᾗ.
487 3171 543 3226 182.
563 3172 603 3235 df.
617 3173 651 3222 ι.
664 3181 685 3221 ι.
704 3172 737 3220 D.
751 3173 783 3222 de
795 3173 844 3222 obt.
860 3180 886 3223 et
898 3180 946 3223 aet.
961 3169 1005 3235 (tn,
1019 3171 1052 3234 ι).
1069 3172 1143 3236 Epir.
1157 3181 1179 3230 t,

211 3252 241 3291 to,
255 3241 282 3305 g.
298 3251 316 3291 1.
327 3258 371 3305 pr.
385 3241 409 3290 Ι.
424 3243 456 3290 de
469 3240 518 3294 obl.
532 3258 556 3305 q.
570 3256 606 3290 em
623 3241 672 3294 rtet,
688 3240 723 3301 (4,
738 3241 769 3300 t).
851 3237 876 3307 ξ.
892 3242 950 3292 183.
971 3240 1010 3304 Cf.
1024 3240 1096 3304 Epir.
1109 3249 1130 3298 2,
1144 3249 1177 3289 1⁰.

209 3308 448 3372 §.annutans
487 3317 527 3360 .2,
548 3308 707 3369 datarum.
732 3308 798 3360 La.
818 3308 851 3358 J).
870 3306 1093 3372 desertum).
1115 3306 1178 3372 §.a

208 3377 233 3425 I.
246 3378 279 3426 ib.
294 3374 329 3438 (t,
343 3374 373 3438 1).
443 3371 460 3441 §
481 3375 631 3426 .184.185.
655 3374 897 3438 OfiEpit.,Inst.‚
916 3374 1178 3432 Paut.,ueu.tt.1ea.

209 3443 240 3495 L.
254 3452 322 3492 a—s.
334 3443 367 3495 1).
382 3444 413 3492 de
423 3443 488 3506 sart.
504 3439 547 3504 (ιι,
560 3441 590 3504 a).
670 3438 715 3508 §b
730 3443 872 3495 186—188.
884 3461 920 3486 =
932 3442 960 3508 3.
973 3452 993 3492 ι.
1011 3442 1037 3495 1.
1049 3441 1082 3491 to.
1096 3439 1128 3505 (ι,
1143 3441 1176 3506 ι).
