2588 3954
435 865 747 934 PRAEFATIO.

185 1145 259 1231 Cum
275 1178 340 1226 ante
356 1170 409 1227 boc
424 1167 560 1226 biennium
576 1177 604 1225 et
618 1167 693 1242 quod
709 1167 827 1230 excedit,
850 1183 865 1222 a
879 1165 1028 1240 bibliopola
1041 1167 1077 1224 ‹le

119 1268 182 1322 omui
202 1266 305 1342 genere
325 1267 458 1326 bonarum
477 1271 631 1326 litterarum
651 1270 824 1326 meritissimo
844 1284 972 1344 rogarer,
995 1276 1026 1324 ut
1047 1270 1076 1326 iu

118 1364 211 1424 edenda
221 1385 294 1426 nova
308 1370 486 1445 reliquiarum
499 1372 565 1426 iuris
581 1370 668 1427 civilis
683 1371 884 1426 anteiustiniani
899 1368 1075 1432 collectione,

119 1483 178 1538 quae
205 1469 302 1528 usibus
330 1459 439 1546 quidem
468 1474 581 1528 maxime
611 1471 767 1528 academicis
788 1467 1002 1534 accommodata,
1026 1469 1075 1526 sed

117 1569 188 1624 etiam
202 1569 313 1628 dotibus
330 1574 387 1628 suis
402 1579 498 1630 nostro
508 1580 637 1646 'tempore
652 1589 707 1628 non
723 1571 838 1648 indigna·
848 1579 936 1634 esset,
958 1570 1073 1627 oonsilio

117 1675 188 1741 atque
213 1688 298 1746 opera
319 1689 379 1729 mea
404 1689 465 1729 eum
490 1673 657 1737 adiuvanem,
678 1674 799 1730 intellexi
824 1673 933 1748 quidem
954 1688 1025 1746 opus
1046 1680 1074 1730 et

116 1768 299 1830 inlormatione
321 1781 349 1830 ct
363 1774 532 1847 perfectione
547 1775 660 1830 arduum
675 1791 690 1830 a
705 1791 748 1831 me
763 1775 919 1832 desiderari.
941 1773 1073 1849 flagitans

116 1877 194 1928 tamen
208 1891 337 1949 magnam
351 1876 392 1930 rei
408 1876 550 1932 utilitatem
565 1883 593 1932 et
612 1875 765 1931 studiorum
785 1889 907 1932 meorum
929 1891 987 1931 non
1009 1875 1074 1958 alie·

114 1985 166 2025 nun
180 1989 194 2027 a
209 1975 256 2030 tall
275 1991 359 2048 opere
373 1978 519 2041 nationem,
536 1976 630 2034 deesse
651 1977 791 2034 desideriis
813 1977 1002 2034 honestissimi
1023 1977 1072 2031 viri

115 2071 181 2127 nolui
194 2083 222 2131 et
237 2076 320 2132 alacri
336 2077 500 2134 stultiorem
515 2094 663 2152 aggressus
679 2095 749 2134 snm.
780 2078 833 2134 lam
849 2078 881 2133 ad
902 2075 984 2132 linem
1009 2091 1072 2150 per·

115 2169 187 2229 lucto
206 2191 293 2250 opere
320 2177 399 2234 video
421 2179 474 2235 boc
493 2179 555 2235 loco
570 2180 721 2253 exspectari
736 2195 751 2234 a
765 2195 823 2250 nne,
840 2185 885 2242 ut,
903 2176 977 2251 quod
993 2178 1021 2270 in
1038 2193 1071 2232 eo

114 2271 261 2334 adornando
277 2279 419 2335 consilium
434 2287 544 2338 secutus
559 2282 618 2345 sim,
635 2295 793 2354 exponam·

124 2390 127 2396 ·
169 2373 241 2443 Quae
263 2379 398 2452 expositio
413 2382 441 2436 in
457 2389 513 2438 tres
527 2390 619 2455 pantes
635 2379 777 2438 commode
798 2381 976 2456 dispescetun.
1014 2378 1071 2434 Pri·

114 2489 180 2532 mum
200 2481 273 2535 enim
293 2482 446 2554 quaesitor,
470 2497 538 2556 quae
557 2483 725 2556 antiquitatis
746 2490 920 2538 monumenta
939 2481 990 2538 bac
1015 2479 1071 2536 col·

112 2572 220 2635 lectione
240 2583 404 2654 receperim,
425 2581 522 2638 deinde
548 2583 774 2656 quemadmodum
805 2599 836 2640 ea
862 2581 1070 2657 composuerim,

113 2685 246 2746 postremo
263 2681 401 2754 quoumdo
416 2684 524 2758 singula
538 2684 721 2740 instruxemm.

172 2779 211 2835 bel
224 2782 340 2855 primam
354 2785 541 2856 quaestionem
556 2759 630 2858 quenl
651 2787 762 2850 attinet,
784 2801 845 2844 oum
861 2793 889 2842 et
902 2784 1077 2859 bibliopolae

115 2883 140 2930 et
153 2894 210 2936 meo
232 2882 349 2939 oonsilio
364 2883 397 2940 ael
411 2885 454 2940 ius
469 2885 547 2941 civile
562 2887 800 2943 anteiustinianum
815 2903 848 2943 eo
863 2903 947 2943 sensu
961 2885 1069 2960 sylloge

112 2986 197 3035 nostra
211 2991 363 3056 spectaret,
387 3001 442 3058 quo
462 2984 551 3042 solum
565 2988 607 3043 ius
628 2987 802 3060 prudentium
822 2989 982 3045 auctoritate
1003 3003 1068 3044 oon·

113 3078 229 3138 stitutum
248 3083 434 3158 intellegitur,
456 3089 839 3166 constitutiones-principum
865 3089 897 3145 eb
919 3106 950 3145 ea
970 3088 1077 3163 procul.

114 3175 242 3239 habendae
258 3193 343 3248 erant,
358 3194 387 3242 et
401 3201 436 3244 ne
447 3187 500 3244 boc
509 3189 538 3244 in
549 3187 661 3246 dubium
673 3193 777 3246 veniret
788 3189 968 3264 (meminimus
985 3190 1067 3251 culm.

111 3285 135 3333 et
146 3279 288 3342 Gustavum
303 3285 448 3361 llugonem
463 3297 491 3345 et
505 3288 582 3346 lCtos
596 3289 754 3348 lionnensos
774 3293 871 3357 latione
892 3307 975 3348 sensu
998 3291 1066 3347 iuris

111 3378 186 3438 ciuis
206 3387 371 3444 mentionem
391 3391 447 3446 suis
468 3389 674 3448 collectionibus
694 3393 773 3450 etlam
797 3392 911 3450 Codices
931 3391 1065 3449 constitu-

112 3479 205 3540 tionum
220 3488 464 3562 complectentibus
478 3491 674 3566 inscripsisse),
697 3495 844 3550 bntonium
865 3492 1073 3566 Scnmungtnn
