2634 3974
213 178 264 228 416
500 191 575 227 rvnm
595 190 700 226 revoat
722 187 799 225 esur.
819 176 856 225 tv.
877 177 897 224 1.
959 249 962 256 ι

215 350 295 407 quam
320 349 395 390 suam
418 339 533 399 testator
555 347 605 404 per
624 329 859 386 fideicommissum
881 329 1035 403 reliquerit,
1064 347 1119 386 non
1141 347 1188 386 re·

180 460 184 466 .
214 418 341 480 licturus,
369 419 391 472 si
412 417 524 472 alienam
540 417 649 477 scisset,
678 424 706 471 ut
721 415 793 472 solet
808 415 941 489 legatum,
968 416 1005 470 ita
1020 414 1116 470 inutile
1131 417 1187 470 erit

215 501 459 558 fideicommissum.
526 496 555 556 9.
592 493 748 555 1⁰'iestator
777 501 955 573 superuiuens
983 501 1006 554 si
1032 515 1089 554 eam
1116 498 1185 560 rem,

215 603 295 659 qnam
320 584 493 658 reliquerat,
531 583 695 646 uendiderit,
729 585 899 658 extinguitur
935 581 1183 639 fideicommissum.

214 667 260 727 to.
299 666 466 739 ¹Codicillis,
498 671 544 743 qui
574 676 736 724 testamento
767 666 919 725 confirmati
949 683 1004 723 non
1030 676 1108 730 sunt,
1139 667 1187 722 ad-

215 757 346 828 scriptum
372 752 607 810 fideicommissum
636 755 695 808 iure
721 751 844 808 debetur.
903 747 942 808 11.
978 749 1046 806 Filio
1074 750 1186 825 quibus·

214 855 331 912 cumque
351 837 441 894 uerbis
463 855 477 892 a
498 846 573 912 patre
590 837 825 894 fideicommissum
841 836 964 893 relictum
979 837 1038 890 iure
1055 835 1184 892 debetur:

214 921 316 979 sulhcit
338 925 409 979 enim
429 924 501 978 inter
522 923 679 978 coniunctas
700 938 831 995 personas
854 919 1069 994 quibuscumque
1085 919 1184 981 uerhis,

214 1004 293 1063 utin
320 1000 502 1068 donatiorre,²
529 1007 654 1063 uoluntas
676 1022 811 1080 expressa.
858 1013 885 1060 et
905 1005 966 1061 ideo
988 1005 1069 1060 etiam
1089 1005 1185 1078 pridie,

215 1108 294 1165 quam
321 1084 485 1154 moriatur,³
510 1100 584 1148 recte
610 1092 734 1147 relictum
760 1089 876 1145 uidetur.
933 1083 976 1145 12.
1006 1082 1054 1143 ⁴ln
1076 1097 1183 1162 tempus

215 1177 447 1251 emancipationis,
474 1174 520 1231 uel
546 1193 606 1233 cum
631 1178 672 1232 sui
698 1176 764 1232 iuris
785 1175 850 1236 crit,
878 1172 1114 1230 fideicommissum
1142 1188 1184 1228 re·

213 1260 308 1328 lictum
338 1277 509 1335 quocumque
535 1261 616 1316 modo
641 1261 729 1334 patria
755 1266 891 1332 potestate
917 1257 1030 1314 liberato
1058 1255 1182 1315 debetur.

213 1343 258 1402 13.
275 1345 373 1420 Rogati
387 1347 501 1402 inuicem
517 1343 582 1406 sihi,
599 1345 695 1400 sisino
711 1343 800 1399 liberis
817 1343 990 1406 decesserint,
1001 1341 1184 1398 ¹hereditatem

215 1430 375 1491 restituere,
397 1428 482 1484 altero
499 1427 647 1484 decedente
663 1430 721 1483 sine
740 1427 832 1483 liberis
848 1427 982 1484 hereditas
999 1426 1031 1481 ad
1047 1442 1108 1481 eum
1123 1441 1185 1501 per-

215 1515 305 1576 uenit,
334 1514 379 1586 qni
399 1513 564 1585 superuixit;
591 1529 650 1568 nec
664 1529 696 1568 ex
718 1528 750 1568 eo
766 1505 884 1586 pacisci⁵
905 1519 999 1568 contra
1014 1509 1183 1566 uoluntatem

215 1598 353 1652 testatoris
365 1603 494 1669 possunt.
539 1592 584 1652 14.
609 1596 692 1652 Heres
709 1592 770 1652 ante
786 1596 884 1654 aditam
900 1595 1091 1657 hereditatem,
1111 1596 1185 1668 lega·

215 1681 298 1736 tarius
321 1687 464 1753 antequem
486 1680 605 1755 legatum
627 1674 772 1754 accipiat,⁶
793 1679 1031 1736 fideicommissum
1046 1687 1184 1752 praestare

214 1782 269 1821 non
290 1772 415 1839 possunt.
471 1760 515 1820 15.
541 1758 626 1821 ⁷Rem
643 1763 874 1829 fideicommissum
890 1765 913 1820 si
928 1765 1007 1820 heres
1023 1762 1181 1822 pendiderit,

214 1866 326 1924 eamque
342 1851 430 1905 sciens
446 1851 654 1923 comparauerit‚
674 1848 848 1905 nihilominus
864 1851 891 1905 in
907 1851 1106 1922 possessionem
1122 1847 1181 1901 eius

215 1933 477 1992 fideicommissarius
498 1935 569 1990 mitti
588 1935 647 1989 iure
669 1933 813 1989 desiderat.
873 1928 918 1989 16.
949 1931 1060 2000 Quoties
1080 1929 1183 1986 libertis

215 2016 451 2076 fideicommissum
471 2019 646 2093 relinquitur,
674 2017 706 2072 ad
729 2034 775 2074 eos
797 2016 984 2073 tantummodo
1008 2017 1108 2091 placuit
1123 2032 1184 2089 per·

215 2105 314 2166 tinere,
343 2097 409 2176 quil
435 2104 590 2159 manumissi
614 2109 692 2165 sunt,
720 2101 765 2157 uel
786 2104 831 2174 qui
852 2103 880 2158 in
901 2101 997 2157 eodem
1020 2109 1183 2179 testamento

214 2181 364 2245 libertatem
378 2189 450 2264 intra
464 2204 606 2242 numerum
622 2186 774 2260 legitimum
789 2188 928 2242 consecuti
943 2179 1037 2241 sunt⁹
1075 2181 1117 2243 tt.
1135 2185 1183 2240 Cui

214 2271 246 2327 ab
268 2271 367 2328 herede
390 2270 628 2326 fideicommissum
649 2287 704 2326 non
725 2278 892 2344 praestatur,
919 2287 973 2326 non
989 2269 1078 2326 solum
1094 2272 1122 2325 in
1138 2287 1180 2327 res

215 2356 404 2416 hereditarias,
426 2355 474 2410 sed
490 2357 560 2411 etin
575 2357 698 2428 proprias
714 2353 820 2411 heredis
836 2354 981 2410 inducitur.
1033 2353 1080 2412 18.
1105 2347 1131 2388 ²⁰
1139 2354 1182 2411 lus

215 2455 294 2495 omne
325 2437 522 2494 fideicommissi
553 2455 609 2498 non
637 2441 665 2496 in
695 2439 889 2499 uindicatione‚
921 2438 969 2494 sed
994 2440 1022 2494 in
1047 2439 1181 2514 petitione

214 2524 348 2579 consistit.

443 2601 488 2683 [L.
505 2607 555 2664 21.
572 2607 621 2680 83.
640 2609 666 2664 1.
685 2607 713 2664 2.
738 2609 773 2664 1).
791 2609 826 2666 cte
841 2611 894 2682 lep.
913 2603 957 2684 3.]

215 2789 246 2856 10)
267 2791 307 2854 Of.
327 2789 353 2855 3.
369 2799 400 2840 m.
420 2789 444 2840 i.
463 2791 494 2840 cte
512 2792 588 2855 tepet.
608 2789 640 2854 (a,
659 2789 704 2853 ro).
775 2789 795 2852 1)
814 2790 855 2853 Cf.
875 2789 932 2840 Gai.
946 2800 966 2848 2,
979 2797 1041 2840 moe.
1054 2798 1101 2840 are.
1121 2789 1179 2858 lltp.

214 2869 250 2918 25,
269 2868 289 2912 1,
309 2868 329 2908 a.
350 2865 380 2908 11.
457 2855 479 2921 2)
500 2857 540 2920 t'f.
559 2858 592 2907 L.
611 2867 632 2909 1.
656 2857 699 2906 Tt.
723 2857 749 2907 0.
769 2859 905 2909 detonat.
925 2856 960 2921 (e,
981 2857 1024 2920 n).
1052 2856 1097 2904 Fr.
1120 2851 1179 2904 Vct.

214 2937 252 2977 are
269 2924 314 2991 (1).
385 2925 406 2990 ³)
427 2925 466 2988 Of.
487 2926 577 2990 Geta,
597 2935 642 2978 roo.
712 2923 734 2988 Ι)
755 2926 794 2988 Cf.
814 2927 846 2975 L.
861 2935 894 2975 11.
914 2925 941 2990 3.
956 2933 987 2974 n.
1006 2924 1039 2976 D.
1053 2924 1084 2972 de
1098 2924 1145 2987 lep.
1160 2931 1181 2972 e.

214 2994 245 3047 L,
267 3004 299 3043 15.
322 2994 355 3043 D.
381 2995 481 3092 pannulo
504 2996 561 3044 dieo
583 2997 630 3059 lep.
650 2992 699 3056 (33,
718 2991 750 3056 2).
782 2994 816 3046 L.
833 3003 853 3043 3.
874 2993 900 3041 0.
920 2995 952 3042 de
973 2994 1030 3042 inst.
1054 2997 1080 3040 et
1103 2990 1180 3040 suist.

215 3059 251 3122 (6,
271 3061 317 3123 33).
399 3061 408 3124 )
429 3060 481 3122 Quo
498 3067 575 3126 pacto
593 3063 702 3112 studium
719 3063 860 3126 quaerendi
875 3061 969 3112 tiberne
986 3061 1122 3110 iniunctum
1138 3075 1180 3109 re-

214 3131 312 3179 mittere
335 3129 384 3180 siti
404 3130 561 3180 videbuntur.
598 3128 652 3180 Sed
677 3130 725 3179 hoe
747 3131 798 3180 aila
819 3131 920 3179 ratione
944 3135 1037 3193 posteo
1063 3135 1181 3178 mutatum

214 3198 247 3250 L,
267 3207 299 3250 11.
318 3195 347 3248 0.
366 3199 398 3248 de
421 3203 545 3247 nauseet.
565 3195 601 3260 (2,
620 3195 652 3260 1).
727 3197 748 3260 i)
769 3197 810 3260 Cf.
829 3197 861 3245 L.
881 3205 906 3245 78
922 3212 964 3260 pr.
987 3195 1021 3246 I).
1041 3196 1072 3246 de
1095 3198 1142 3260 lep.
1162 3203 1182 3244 a.

215 3266 276 3315 L.8
292 3282 334 3330 pr.
355 3267 388 3316 D.
409 3267 546 3331 deice-3.
615 3264 636 3328 ⁷)
657 3263 696 3328 Cf.
714 3266 746 3314 L.
767 3274 787 3317 t.
806 3273 825 3314 3.
845 3263 872 3328 S.
891 3273 911 3312 a.
930 3263 959 3312 0.
978 3279 1063 3314 comm.
1084 3265 1180 3327 detep.

212 3332 250 3395 (3,
269 3333 315 3395 13).
348 3333 409 3382 Νου.
428 3341 452 3382 33
467 3347 511 3395 pr.
529 3330 602 3394 infra
619 3329 645 3395 3.
666 3341 698 3381 tt.
773 3331 795 3394 8)
814 3331 955 3381 Excidisse
972 3333 1073 3381 videtur
1095 3333 1180 3380 auiuo

213 3403 253 3449 vet
270 3401 385 3453 uindicta.
454 3396 476 3462 9)
496 3398 598 3462 Excipe
617 3401 788 3448 alimentorum
802 3399 1025 3459 fideicommissum.
1057 3397 1088 3450 L.
1106 3407 1118 3446 t
1134 3413 1178 3462 pr.

214 3467 248 3514 D.
268 3469 299 3516 de
317 3468 383 3519 oiim.
403 3468 452 3529 lep.
472 3465 516 3529 (31,
536 3465 567 3529 1).
638 3463 672 3528 ²⁰)
691 3465 732 3528 Cf.
755 3465 811 3528 Istp.
831 3473 864 3522 25,
885 3474 916 3514 tt.
