2648 3974
455 185 528 219 ivon
547 185 651 222 rivum
671 185 748 222 seur.
769 173 787 221 i.
806 173 830 220 c.

327 342 389 383 utu.
409 339 450 384 [X.¹
481 342 523 380 DE
541 342 712 384 mntotmevs
727 344 789 383 XXV
804 342 963 384 Annonvm.

223 444 249 502 1.
275 439 379 500 lidinor
399 461 461 500 xxv
487 461 618 500 annorum
644 447 667 500 si
691 445 801 518 aliquod
828 443 959 518 flagitium
981 445 1132 510 admiserit,
1172 441 1192 520 J,

156 529 290 604 quod'ad
308 529 441 603 publicam
462 529 654 587 coercitionem
675 537 794 602 spectet,
811 527 847 584 ob
869 530 922 585 hoc
941 531 969 585 in
989 531 1143 602 integrum

157 615 268 670 restitui
282 631 337 670 non
352 620 454 687 potest.
499 608 527 669 2.
551 607 621 678 ²Qui
636 614 734 668 minori
748 613 892 677 mandauit,
908 623 939 669 ut
954 615 1065 688 negotia
1079 609 1129 688 sua
1153 631 1162 636 ‘¹
1193 645 1194 650 κ
1284 610 1306 637 ³¹*

157 706 237 772 agat
248 715 280 752 ex
296 699 354 753 eius
369 713 487 771 persona
497 699 524 752 in
535 699 672 771 integrum
684 699 794 754 restitui
805 714 860 753 non
870 705 977 772 potest:
995 691 1128 772 'quodsii
1165 687 1184 762 s
1288 708 1293 718 ·

158 785 250 839 minor
263 800 312 837 sua
326 789 425 854 sponte
440 783 558 856 negotiis
573 783 630 837 eius
646 784 832 844 interuenerit,
845 781 1051 854 (restituendus
1062 787 1125 852 erit,
1152 822 1153 826 ,
1179 787 1186 860 J

159 884 197 924 ne
218 871 322 925 maiori
340 869 474 922 domnum
495 859 651 938 αοείάιιί).4
700 863 738 924 ’3.
769 862 816 922 ⁵Si
837 869 922 923 maior
943 867 1054 924 effectus
1075 884 1127 930 res,
1172 935 1173 938 Ἴ

161 969 228 1025 quas
249 953 338 1006 minor
353 953 423 1024 egit,
451 943 557 1006 ’facto6
580 951 624 1006 uel
644 952 754 1008 silentio
770 950 970 1023 comprobarit,
997 951 1150 1008 aduersus.

160 1037 213 1091 hoc
240 1053 349 1110 quoque
369 1037 397 1090 in
418 1036 555 1108 integrum
576 1037 683 1091 restitui
706 1036 808 1091 frustra
829 1035 972 1091 desiderat.
1028 1034 1057 1091 4.
1083 1029 1129 1110 ⁷Si
1179 1029 1188 1046 ⁹

161 1123 251 1178 minor
264 1121 360 1176 minori
376 1120 455 1174 heres
472 1121 595 1182 exsistat,
618 1135 650 1174 ex
666 1136 713 1176 sua
728 1135 858 1194 persona,
887 1137 943 1175 non
959 1136 991 1174 en
1007 1120 1128 1176 defuncti
1199 1127 1237 1184 *ζ’

159 1208 188 1260 in
204 1207 342 1278 integrum
357 1205 463 1259 restitui
478 1212 580 1277 potest.
1199 1195 1205 1200 ⁴
1254 1194 1302 1226 '⁴'

206 1283 252 1364 [t.
271 1289 310 1348 34
324 1307 372 1360 pr.
390 1289 418 1360 S.
438 1289 465 1344 1.
490 1290 526 1344 Ι).
543 1291 578 1344 de
592 1291 694 1345 minor.
712 1287 751 1360 (4,
768 1282 824 1364 4).]
1011 1338 1012 1341 ,
1224 1343 1238 1352 ,,

224 1368 251 1429 5.
277 1367 383 1430 ⁸Minor
403 1389 434 1428 se
453 1374 481 1427 in
502 1373 558 1436 his,
586 1390 655 1446 quae
677 1371 810 1429 fideiussit
831 1373 875 1428 uel
891 1371 1068 1446 fideprcmisit
1084 1373 1128 1430 uei
1185 1369 1188 1373 ’

160 1458 310 1531 spopondit
326 1459 368 1513 uel
384 1456 534 1520 mandauit,
555 1459 583 1512 io
598 1459 735 1531 integrum
751 1458 922 1513 restituendo
938 1474 1014 1512 reum
1029 1460 1129 1531 princi·
1158 1455 1164 1482 ¹
1192 1441 1317 1533 'fgiffff

161 1543 248 1616 palem
264 1559 319 1599 non
335 1541 438 1598 liberat.
1169 1535 1173 1538 ’
1209 1535 1210 1538 ’
1237 1533 1308 1558 “³

431 1622 477 1702 [L.
495 1625 545 1682 48.
565 1625 612 1697 38.
632 1627 659 1681 1.
678 1625 706 1682 2.
730 1627 766 1683 D.
783 1621 860 1702 eod]

146 1761 147 1764 ,
227 1707 255 1768 6.
280 1705 348 1778 loni
370 1713 458 1767 sciens
474 1709 648 1784 prudensque
665 1728 694 1766 se
708 1728 759 1784 pro
775 1713 879 1768 minore
895 1711 1041 1786 obligauit,
1064 1714 1087 1766 si
1102 1712 1129 1767 id
1209 1719 1231 1772 “,

125 1853 128 1855 ,
160 1796 289 1852 consulto
310 1796 424 1852 consilio
447 1795 525 1856 iecit,
552 1795 616 1850 licet
637 1797 735 1850 minori
757 1804 945 1858 succurratur,
972 1799 1024 1869 ipsi
1040 1804 1129 1872 tamen
1219 1867 1220 1870 Ἴ

161 1894 218 1936 non
232 1889 415 1936 succurretur.
451 1875 487 1945 ,7.
507 1872 769 1935 ¹⁰Minoraduersus
785 1889 934 1953 emptorem
949 1882 976 1934 in
992 1882 1129 1952 integrum
1178 1875 1179 1878 ’

161 1966 304 2020 restitutus
332 1966 420 2038 pretio
446 1965 575 2019 restituto
600 1963 714 2020 fundum
739 1965 860 2037 recipere
885 1972 992 2040 potest;
1022 1963 1129 2019 fructus

161 2051 232 2104 enim
253 2051 281 2104 in
302 2050 550 2124 compensationem
569 2064 711 2104 usurarum
725 2065 810 2121 penes
825 2057 974 2122 emptorem
990 2064 1129 2104 remanere
1274 2045 1278 2052 ‘

162 2133 271 2207 placuit.
317 2132 346 2190 8.
371 2133 457 2188 Minor
472 2132 603 2188 aduersus
619 2131 806 2188 distractiones
823 2125 966 2188 ’suorum¹
983 2134 1129 2205 pignorum
1228 2189 1229 2192 ,
1266 2175 1295 2214 a*
1306 2200 1312 2211 Ἰ,

162 2225 190 2273 et
205 2215 377 2282 fiduciarum,
400 2233 455 2272 uon
472 2234 537 2290 quas
552 2224 630 2289 pater
645 2215 826 2290 obligauerat,
843 2220 866 2272 si
881 2219 932 2281 ita,
949 2223 980 2272 ut
996 2219 1128 2290 oportuit,
1228 2255 1233 2260 „

162 2320 181 2357 a
193 2303 327 2359 creditore
342 2303 486 2360 distractae
501 2304 570 2374 sint,
591 2303 699 2357 restitui
714 2304 742 2358 in
757 2303 895 2376 integrum
910 2309 1013 2375 potest.
1195 2297 1197 2302 ⁴
1217 2349 1218 2352 ,
1237 2293 1303 2382 ᾗῇ

116 2384 119 2385 ’
184 2383 258 2463 [Hic
273 2390 325 2444 sub
341 2393 381 2444 tit.
407 2388 457 2442 Ex
472 2388 574 2460 quibus
590 2391 689 2443 causis
702 2390 828 2442 maiores
840 2395 893 2443 etc.
908 2389 1130 2460 quidomlocont
1243 2387 1248 2408 ²

336 2473 368 2528 13.
386 2471 438 2528 39,
459 2472 494 2527 D.
513 2488 552 2528 ex
567 2473 643 2544 quil.
661 2488 742 2528 caus.
759 2475 826 2528 moi.
843 2470 881 2542 (4,
899 2467 955 2548 6).]
1267 2465 1272 2468 '¹
1295 2465 1311 2486 ”

236 2718 285 2768 ua.
298 2720 351 2770 ix.
388 2718 407 2784 1)
422 2721 463 2784 of.
476 2723 509 2773 u.
522 2730 555 2770 aa.
570 2720 597 2784 s.
610 2729 628 2768 1.
642 2721 675 2769 o.
690 2722 721 2770 ae
734 2723 823 2770 vitator.
837 2718 867 2784 (r,
878 2720 911 2782 i).
963 2718 984 2786 ρ)
999 2721 1040 2784 of.
1054 2722 1130 2774 aas.
1152 2705 1153 2708 ’

162 2789 268 2841 stood.
321 2785 341 2851 ³)
355 2789 466 2838 Reatitoi
476 2805 511 2840 eac
523 2788 556 2841 L.
569 2799 593 2837 24
603 2803 647 2851 pr.
661 2789 695 2837 D.
707 2789 732 2838 lt.
747 2797 764 2838 t.
784 2789 830 2838 nisi
844 2788 908 2838 odd.
922 2791 981 2839 edd.
1028 2786 1049 2852 ⁴)
1064 2789 1132 2853 Sup-

162 2857 229 2920 plevi
241 2871 276 2905 em
288 2856 320 2904 L.
334 2865 358 2904 ti
368 2872 412 2920 pr.
425 2858 478 2918 cit,
492 2858 561 2906 ouius
573 2859 733 2920 insequentia
744 2856 822 2906 uerba
835 2871 870 2905 erc
882 2857 967 2904 Paulli
978 2857 1020 2906 lib.
1031 2856 1082 2904 XI.
1097 2859 1133 2905 ud

162 2925 270 2974 edietum
280 2925 364 2986 petila
378 2939 435 2972 ,aum
447 2925 494 2974 hoc
511 2927 566 2974 loco
584 2941 619 2974 eac
632 2923 772 2973 Sententiis
788 2931 886 2987 sumpto
903 2926 1041 2982 coaluisse,
1055 2924 1131 2974 Ouia·

162 2993 215 3040 cios
226 2993 297 3040 uidit.
333 2991 460 3055 Visipoilti
475 2997 570 3042 mutato
589 2992 672 3056 quodsi
685 2993 711 3040 in
725 2993 770 3041 nisi
782 2991 846 3040 duee
859 2993 950 3054 finalia
961 2991 1039 3041 verbu
1051 2994 1132 3042 omitti
1166 2995 1167 2998 ’

160 3073 238 3120 posse
250 3061 313 3108 male
326 3061 500 3108 erediderunt.
553 3057 573 3120 5)
593 3059 633 3122 Of.
647 3059 680 3110 L.
693 3067 715 3108 3.
729 3057 754 3121 S.
769 3069 789 3108 ι.
807 3059 838 3107 D.
851 3059 875 3108 ir.
889 3065 909 3107 t.
922 3062 960 3111 iit.
977 3059 1003 3111 O.
1016 3061 1040 3110 si
1050 3062 1132 3109 maior

161 3125 226 3186 fact.
241 3125 271 3187 (u,
284 3125 331 3188 46).
383 3125 404 3189 6)
422 3127 469 3176 Eae
481 3127 632 3177 Hiltersltus.
649 3129 685 3188 ej.
708 3134 778 3190 pacto
796 3125 860 3176 cau.
879 3129 938 3177 edd.
952 3127 1038 3178 Haeo.
1058 3132 1084 3176 ei
1096 3129 1130 3177 Α.

164 3191 186 3252 ⁷)
206 3191 245 3254 Os.
268 3193 299 3242 L.
312 3203 344 3242 tt.
362 3195 396 3242 Ι).
410 3195 434 3246 Ιι.
448 3201 467 3247 t.
491 3195 522 3243 L.
536 3204 556 3244 5.
577 3194 604 3258 8.
618 3205 639 3244 1.
657 3195 685 3247 0.
706 3196 737 3244 de
756 3203 830 3258 temp.
848 3197 874 3244 in
891 3198 935 3244 inl.
953 3202 1015 3244 rest.
1035 3193 1131 3258 (ma).

164 3257 586 3393 ntarracona·
603 3263 638 3378 e
656 3263 685 3379 n
698 3269 730 3396 t
755 3261 902 3380 noe
917 3273 999 3378 to
1017 3262 1049 3393 a·
1062 3262 1130 3377 ra·

4 3409 5 3412 ’
85 3429 87 3434 f
162 3397 195 3444 de
208 3396 274 3444 adan.
288 3403 314 3444 et
324 3413 381 3459 per.
396 3397 439 3458 (26,
453 3397 485 3461 t).
536 3397 555 3462 1)
569 3399 627 3448 Duo
639 3401 745 3456 mutaui-
756 3399 780 3447 lt.
795 3401 811 3451 t.
823 3414 874 3461 pro
889 3413 969 3446 eorum
981 3413 1031 3446 orta
1045 3399 1132 3446 littera

162 3469 261 3512 mutata
280 3465 375 3528 scripsi
395 3481 490 3516 suorum
511 3472 537 3516 et
556 3474 649 3530 posteo
670 3483 691 3517 u.
716 3482 776 3522 noo,
799 3481 863 3530 quae
883 3467 909 3514 in
932 3464 996 3514 Gelu.
1019 3471 1045 3514 ei
1071 3467 1129 3514 edd.
