2634 3974
482 198 617 235 oonrrrvs
637 198 787 237 vaesanus,
1071 189 1122 238 469

148 353 256 404 quoque
277 336 487 388 celeberrimum
498 350 597 386 nomen
611 339 638 386 et
649 335 826 386 utilissimum
842 352 910 403 opus
921 339 1097 392 retineretur.
1107 339 1119 371 ³

150 407 278 458 Ceterum
291 404 399 454 illorum
412 406 497 470 probo
510 405 690 466 sententiam,
709 404 755 468 qui
766 405 852 454 variis
866 407 980 457 casibus
993 408 1048 456 iam
1061 423 1118 457 non

150 472 330 536 definiendis,
354 471 427 522 haud
450 487 516 522 vero
541 476 619 522 certa
642 472 749 522 ratione
779 487 824 531 ea,
852 488 923 538 quae
951 475 981 523 in
1002 475 1118 540 Ulpiani

148 543 219 594 libro
238 539 445 600 desiderantur,
465 540 581 604 periisse
600 543 713 606 putant,
733 539 773 588 ita
791 543 884 590 tamen
896 546 927 591 ut
940 543 1019 592 casui
1033 541 1119 592 etiam

150 609 325 661 librariorum
349 607 462 658 fraudes
485 607 530 658 vel
554 609 634 658 unius
659 608 823 666 alteriusve,
852 609 898 673 qui
922 608 1020 660 librum
1044 615 1121 660 tran·

149 675 324 728 scribendum
347 675 438 738 daret,
470 675 666 740 parsimoniam
689 675 824 740 quaedam
846 676 936 727 minus
959 679 1124 728 necessaria
1195 715 1196 718 ,

150 763 167 795 a
190 744 304 795 librario
331 759 385 793 non
409 744 565 807 exigentem
593 743 768 794 adnumerari
791 744 889 794 velim:
919 745 1025 794 similes
1048 747 1121 796 enirn

149 811 266 862 iniurias
296 812 381 862 etiam
405 810 470 862 Gaii
498 812 643 876 epitomem
671 817 700 862 et
721 811 813 860 Paulli
840 811 999 863 Sententiae
1022 827 1121 878 passas

153 896 215 931 esse
236 883 354 931 constat.
389 879 450 929 Hoc
468 881 493 930 si
512 885 651 942 tenemus,
670 880 699 928 in
718 880 817 929 critica
835 881 990 930 exercende
1007 895 1061 930 non
1079 881 1120 930 in·

151 949 220 998 certi
246 953 274 998 et
295 947 369 998 inter
386 946 503 1010 Ulpiani
526 952 553 998 et
577 947 744 998 breviatoris
765 962 875 997 manum
895 949 975 1014 quasi
993 949 1123 1013 suspensi

149 1015 344 1077 titubabimus,
364 1013 412 1066 sed
430 1015 667 1081 ubiqueUlpiano
684 1014 747 1080 quid
761 1015 881 1080 dignum,
901 1016 968 1080 quid
980 1015 1122 1082 indignum

151 1085 203 1148 sit,
223 1098 395 1148 quaeremus.

218 1150 302 1202 Initio
326 1151 421 1200 harum
446 1151 624 1215 reliquiarum
647 1166 736 1216 pauca
761 1156 789 1200 et
806 1152 835 1201 in
853 1153 906 1203 fine
925 1151 1013 1202 multa
1032 1167 1119 1218 eaque

150 1223 225 1270 certe
244 1234 312 1269 casu
329 1220 461 1284 periisse,
481 1235 574 1270 omnes
595 1220 779 1270 consentiunt.
815 1221 858 1272 De
877 1222 968 1282 initio,
985 1219 1034 1269 ubi
1046 1221 1076 1269 in
1088 1220 1119 1269 Ο.

149 1288 213 1338 Vct
241 1287 312 1336 hanc
339 1287 417 1338 velut
446 1288 657 1352 inscriptionem
685 1302 771 1337 mora.
801 1304 899 1339 mrum
930 1304 966 1338 nx
995 1302 1120 1337 coaaoan

150 1367 271 1405 vnarsnr
290 1355 392 1405 ‘Moris
411 1361 474 1404 sunt
492 1357 599 1405 tacitus
618 1370 769 1406 consensus
789 1356 884 1420 populi
901 1357 987 1420 longa
1005 1369 1121 1406 consue-

151 1421 246 1473 tudine
270 1422 460 1473 inueteratus’
486 1423 589 1488 excipit
610 1423 696 1474 index
714 1423 872 1488 titulorum,
898 1423 997 1474 deinde
1014 1438 1122 1485 versus,

67 1486 72 1497 “
152 1491 177 1540 si
194 1489 244 1540 illa
264 1491 360 1540 ‘moris
442 1492 632 1542 inueteratus’
653 1505 848 1554 connumeras,
872 1493 912 1543 bis
930 1491 1040 1555 septeni
1057 1490 1123 1540 deni

138 1557 260 1614 ,inv'erso
289 1558 382 1608 ordine
411 1560 508 1624 scripti
538 1564 615 1622 sunt,
647 1557 801 1609 bellissima
829 1564 872 1609 est
899 1563 927 1610 et
950 1559 1020 1608 satis
1044 1564 1123 1608 certa

151 1625 287 1676 Momseni
311 1628 487 1690 coniectura,
512 1627 560 1678 bos
579 1629 608 1678 in
627 1626 724 1678 codice
743 1627 798 1677 iam
816 1627 927 1690 mutilo,
951 1626 1024 1676 unde
1042 1626 1122 1677 Vati-

152 1707 237 1744 canus
260 1695 398 1759 manavit,
421 1695 503 1760 primi
526 1695 588 1746 folii
606 1697 687 1746 binas
706 1696 826 1760 paginas
845 1695 1012 1762 complesse,
1037 1693 1124 1758 idque

148 1760 293 1812 librarium
313 1778 373 1813 cum
393 1763 513 1814 solutum
532 1765 701 1825 invenisset,
720 1762 830 1813 infelici
848 1778 916 1814 casu
931 1762 1080 1812 invertisse
1094 1766 1125 1810 et

148 1830 189 1880 sic
208 1832 429 1895 transcripsisse.
465 1831 519 1881 Sed
538 1831 591 1882 duo
610 1831 713 1880 addere
732 1829 814 1879 lieet:
837 1831 968 1894 primum,
993 1827 1061 1877 illud
1080 1828 1120 1877 fo-

150 1895 217 1946 lium
237 1900 266 1946 in
285 1899 437 1948 vetustiore
456 1898 551 1948 codiee
570 1899 693 1963 corporis
706 1897 821 1962 Ulpiani
833 1901 999 1962 postremum
1013 1899 1123 1958 quater-

149 1964 240 2014 nionis
264 1965 351 2014 tuisse
374 1965 476 2027 videri,
505 1966 534 2014 in
564 1980 616 2030 quo
646 1965 728 2015 solito
755 1979 831 2013 more
854 1965 960 2028 pariter
985 1967 1068 2026 atqua
1092 1963 1121 2011 in

150 2031 238 2094 primo
257 2031 425 2094 adscriptum
445 2046 528 2096 supra
544 2033 573 2080 in
592 2033 728 2082 exteriore
742 2031 865 2095 margine
880 2035 956 2081 esset
968 2044 1047 2080 eoae.
1059 2044 1122 2078 rur.

149 2097 191 2145 ita
214 2100 245 2144 ut
267 2097 339 2146 hanc
362 2099 573 2164 inscriptionem
597 2099 691 2148 statim
714 2103 877 2162 sequeretur
898 2097 1017 2147 initialis
1040 2097 1123 2146 huius

149 2165 270 2230 paginae
295 2165 432 2228 scriptura
458 2170 563 2216 ‘mores
587 2170 665 2215 suut’
685 2169 753 2226 etc.;
783 2165 836 2214 boc
860 2166 931 2215 enim
954 2165 1015 2214 sine
1039 2163 1122 2214 dubio

149 2233 236 2282 movit
259 2229 417 2294 librarium,
444 2237 500 2282 tam
524 2239 554 2282 ut
574 2233 647 2282 hane
665 2233 796 2296 paginam
816 2231 895 2295 quasi
913 2232 1122 2296 inscriptionem

152 2301 338 2350 coutinentem
369 2315 418 2365 pro
450 2301 587 2350 anteriore
617 2300 749 2362 haberet,
786 2314 868 2362 quarn
897 2302 928 2348 ut
957 2301 1043 2349 verbe
1072 2297 1124 2347 illa

150 2373 159 2399 e
166 2383 256 2418 mores
271 2410 276 2423 .
289 2408 312 2421 ..
327 2369 530 2430 inueteratus',
548 2369 577 2417 in
591 2368 661 2430 cod,
680 2382 740 2417 cum
753 2366 989 2418 introductionem
1002 2366 1123 2427 finirent,

150 2451 167 2485 a
195 2435 375 2500 sequentibus
402 2437 495 2500 spatio
523 2436 670 2498 distincta,
702 2434 847 2484 deficiente
876 2434 1018 2498 ceteroqui
1039 2433 1122 2484 titulo

150 2504 289 2566 opusculi,
309 2519 357 2567 pro
376 2503 504 2553 lemmate
524 2504 640 2568 quodam
654 2505 804 2567 acciperet,
824 2503 893 2566 quod
905 2509 968 2569 post
979 2502 1122 2552 titulorum

150 2569 232 2619 index
252 2574 317 2633 apte
341 2570 518 2624 scriberetur.
554 2571 677 2622 Alterum
698 2575 752 2633 est,
775 2570 845 2620 illud
864 2571 954 2636 ipsum
972 2570 1067 2621 folium
1086 2572 1122 2624 ab

150 2737 171 2802 ³]
192 2742 330 2790 Vaticanum
352 2742 445 2806 Ulpiani
464 2743 574 2791 codicem
595 2742 705 2805 primitus
727 2756 739 2790 e
761 2741 845 2790 codiee
868 2740 992 2806 ‘eorporis
1010 2741 1122 2803 Ulpiaai'

151 2823 268 2866 manasse,
282 2824 350 2872 quern
363 2810 476 2871 grandem
489 2818 511 2859 et
524 2810 634 2874 inprimis
647 2810 753 2858 versibus
770 2816 805 2857 sat
824 2810 901 2868 longis
919 2809 1034 2870 scriptum
1047 2808 1121 2856 luisse

149 2879 247 2928 credere
267 2893 311 2942 par
333 2886 385 2934 est,
408 2879 459 2926 eius
478 2879 513 2927 rei
537 2878 613 2927 adhue
632 2877 696 2926 aliud
714 2891 805 2940 quoque
827 2876 950 2935 vestigium
970 2881 1076 2939 superest
1097 2875 1122 2922 in

149 2947 250 3007 quodam
268 2946 378 2994 viliorum
399 2959 498 3005 genere,
512 2946 536 2994 in
549 2945 662 2994 Vaticano
681 2944 747 3001 cod,
762 2944 823 3006 quod
837 2943 938 2992 editores
952 2943 1021 3003 rugit,
1039 2942 1121 2992 admo·

150 3011 204 3060 dum
227 3015 356 3077 frequenti,
378 3013 421 3061 sed
443 3020 466 3062 et
488 3029 516 3061 eo
533 3014 606 3062 multo
624 3012 765 3075 antiquiore.
801 3011 861 3060 illud
878 3011 945 3071 dico,
968 3010 1030 3074 quod
1051 3025 1122 3074 saepe

151 3080 263 3128 voeabula
285 3081 377 3142 singula
405 3082 440 3129 vel
466 3082 587 3143 complura
614 3080 766 3133 exciderunt.
790 3093 850 3142 qnae
877 3079 955 3128 alieno
980 3080 1034 3127 loco
1059 3093 1121 3126 nunc

150 3145 268 3196 interdurn
285 3149 365 3198 multis
378 3147 432 3210 (sed
447 3155 470 3196 et
481 3146 603 3210 brevibus)
623 3147 729 3196 versibus
746 3147 848 3196 distante
865 3147 955 3196 inserta
972 3152 1038 3202 sunt,
1057 3146 1122 3194 reiut

149 3220 168 3268 2,
182 3221 202 3260 s.
221 3222 240 3272 a,
253 3222 273 3262 4.
287 3215 346 3273 5.'5‚
359 3226 382 3265 ι.
399 3224 418 3274 ι,
432 3223 451 3264 e.
472 3223 540 3272 err.
566 3223 597 3277 ιι,
612 3224 632 3264 s.
657 3222 687 3274 re,
703 3223 721 3265 1.
748 3223 812 3271 rae.
831 3223 896 3272 rus.
920 3223 953 3270 rr,
967 3223 1000 3265 16.
1013 3219 1064 3263 ιιι.
1088 3219 1120 3266 ιι,

150 3287 183 3328 16.
196 3289 231 3333 25.
254 3289 502 3338 25,t.s.10.11.tt.
526 3291 592 3342 26,7.
617 3291 648 3338 28,
663 3291 754 3339 l3.·29,
769 3291 788 3330 1.
821 3282 871 3332 Hoc
891 3283 967 3338 enim,
987 3293 1040 3328 cum
1057 3292 1118 3340 qliae
1192 3300 1194 3303 ·

150 3348 299 3408 exciderant,
317 3350 385 3399 initio
404 3366 416 3399 e
432 3352 527 3411 regione
545 3351 574 3400 ad
593 3352 722 3412 marginem
744 3351 849 3414 suppleta
867 3364 920 3398 esse
942 3347 1044 3411 putanda
1062 3345 1117 3400 sint,

149 3416 252 3466 virileni
268 3418 355 3480 potuit,
375 3418 421 3466 nisi
434 3419 553 3480 antiquum
571 3419 638 3468 iilum
656 3418 775 3474 codicem,
793 3419 817 3467 in
835 3433 881 3480 quo
899 3418 931 3465 ita
944 3412 1118 3470 inserebantur,

149 3484 292 3546 praelongos
305 3499 386 3534 versus
399 3485 512 3536 habuisse
523 3501 607 3550 ponas.
