2634 3960
180 176 229 224 240
459 190 521 224 carr
540 189 644 226 rusum.
664 176 704 223 ΙΙΙ.
727 176 866 228 too—135.

179 344 258 384 causa
273 337 319 384 aut
334 329 521 384 conductionis
538 335 584 382 aut
599 329 737 383 societatis
754 330 818 384 mihi
835 329 941 394 debeas,
959 323 1082 385 'inde¹18
1098 347 1148 384 ¹en·

179 429 292 486 pensum
308 414 356 469 tibi
371 413 469 468 tulero.
515 407 583 470 130.
609 412 759 484 Apersona
773 415 801 468 in
812 429 962 486 personum
975 415 1147 486 transcriptio

61 527 63 532 ·
114 505 170 554 163.
181 496 224 562 llt,
247 497 332 552 ueluti
353 498 376 552 si
391 497 431 558 id,
454 496 528 568 quod
543 497 608 552 mibi
624 497 710 551 Titius
732 495 827 559 debet,
856 497 902 552 tibi
919 492 1014 556 ’inde8
1038 492 1148 575 culpen-

178 600 237 638 sum
261 583 361 644 tulero,
387 580 414 634 id
436 587 477 635 est
497 582 520 635 si
541 581 627 635 Titius
650 580 691 635 ’te
710 578 785 652 (pro)
807 573 857 636 se9
879 581 1047 656 delegauerit
1072 583 1146 638 mihi.

180 662 239 724 131.
264 666 321 720 Alia
341 672 477 734 causaest
498 681 592 720 eorum
614 665 766 725 nominum,
795 681 863 736 quae
879 667 977 721 arcario
1000 674 1147 722 uocantur:

179 752 205 804 in
222 751 261 806 his
278 750 349 804 euim
364 751 417 810 rei,
435 765 490 803 non
505 748 655 803 litterarum
673 746 803 821 obligatio
822 749 961 811 consistit,
979 751 1080 822 quippe
1092 767 1148 806 non

179 834 255 888 aliter
271 832 377 896 ualent,
401 848 480 904 quarn
496 833 518 888 si
534 843 672 888 numerata
688 834 724 887 sit
739 832 865 905 pecunia;
889 834 1040 888 numeratio
1057 842 1149 889 autern

178 917 308 992 pecuniae
324 915 378 971 ’rei
388 909 428 948 ¹²⁰
448 915 511 972 lacit
527 915 735 990 obligationem:
759 933 812 989 qua
826 916 860 971 de
875 933 954 972 causa
969 924 1042 972 recte
1059 917 1149 974 ’dice-

179 993 270 1064 mus,¹
288 1002 387 1057 arcaria
407 1002 514 1056 nomina
531 1001 631 1056 nubam
647 1000 735 1056 lacere
752 998 960 1074 obligationem,
978 1001 1026 1056 sed
1042 1001 1148 1075 obliga·

179 1086 260 1140 tionis
276 1084 361 1140 iactae
378 1086 563 1141 testimonium
578 1084 715 1158 praebere.
753 1080 817 1144 132.
841 1085 916 1140 Unde
931 1085 1002 1141 'non
1017 1079 1148 1160 proprie²

178 1170 291 1232 (licitur,
309 1171 414 1224 arcariis
430 1168 582 1226 nominibus
599 1170 679 1224 etiam
694 1171 855 1243 peregrinos
873 1169 995 1244 obligari,
1013 1172 1147 1242 quianon

178 1255 239 1328 ipso
268 1256 391 1318 nomine,
420 1254 468 1309 serl
499 1255 685 1310 numeratione
714 1255 844 1327 pecuniae
874 1253 1042 1327 obligantur;
1075 1253 1148 1328 qnod
1292 1316 1295 1325 Ι

181 1355 267 1412 genus
294 1337 465 1412 obligationis
493 1340 557 1394 iuris
585 1339 706 1411 gentium
730 1345 783 1393 est.
834 1334 897 1395 133.
928 1339 1147 1413 Transcripticiis
1185 1334 1188 1339 ’
1289 1344 1294 1352 “

182 1438 247 1478 uero
273 1421 425 1478 nominibus
452 1439 484 1478 an
511 1422 667 1495 obligentur
690 1423 843 1496 peregrini,
875 1424 970 1478 merito
998 1424 1146 1497 quaeritur,

181 1508 243 1580 quia
259 1505 457 1580 quodammodo
472 1507 538 1561 iuris
554 1505 638 1562 civilis
655 1513 696 1561 est
713 1505 772 1562 talis
788 1505 931 1580 obligatio:
955 1508 1028 1580 quod
1044 1507 1148 1562 Neruae

122 1599 123 1602 ’
181 1591 290 1665 placuit.
336 1589 435 1645 Sabino
456 1599 544 1646 autem
562 1599 589 1645 et
604 1589 696 1645 Cassio
713 1592 800 1646 uisum
821 1598 877 1654 est,
899 1593 923 1646 si
938 1607 952 1646 a
967 1608 996 1646 re
1011 1593 1039 1647 in
1054 1607 1149 1664 perso·

109 1698 111 1702 ·
182 1692 241 1730 nam
266 1673 311 1729 liat
337 1691 435 1732 nomen
462 1676 701 1746 transcripticium,
729 1676 808 1730 etiam
834 1676 994 1749 peregrinos
1019 1675 1147 1748 obligari3

182 1761 206 1814 si
222 1775 287 1814 uero
303 1775 448 1833 apersona
462 1761 490 1814 in
505 1775 663 1832 personam,
680 1775 735 1814 non
751 1757 873 1833 obligari.
918 1756 983 1817 134.
1007 1759 1148 1816 Praeterea

181 1844 331 1899 litterarum
353 1842 482 1917 obligatio
505 1841 564 1898 lieri
585 1843 694 1898 uidetur
717 1842 875 1917 chirogralis
897 1852 924 1899 et
945 1842 1094 1918 syngralm,
1121 1843 1147 1898 ld

181 1936 236 1992 est,
264 1930 287 1984 si
308 1929 368 2001 quis
391 1927 489 1984 debere
510 1944 540 1984 se
561 1936 606 1983 aut
628 1927 752 1984 daturum
774 1944 803 1984 se
818 1927 931 1992 scribam
958 1931 995 1983 ita
1022 1927 1147 1991 ’scilicet

147 2030 148 2033 ’
181 2006 223 2070 si³
244 2014 407 2069 eonomine
433 2013 571 2086 stipulatio
599 2029 654 2068 non
680 2010 740 2067 liat:
768 2012 841 2085 quod
864 2029 951 2085 genus
975 2012 1148 2086 obligationis

181 2099 320 2172 proprium
335 2099 541 2172 peregrinorum
558 2104 608 2151 est.

243 2179 306 2240 135.
331 2181 470 2244 Consensu
492 2181 560 2237 fiunt
581 2179 760 2255 obligationes
781 2182 808 2236 in
830 2181 1011 2254 emptionibus
1034 2189 1061 2236 et
1083 2198 1149 2237 uen-

182 2266 344 2329 ditionibus,
361 2266 538 2322 locationibus
554 2265 787 2329 conductionibus
804 2265 986 2329 societatibus,
1004 2265 1146 2320 mandatis.

183 2461 225 2528 118)
239 2463 264 2511 td
279 2464 304 2510 0.
318 2464 376 2514 edd.
400 2463 460 2513 Vid.
474 2461 579 2512 ‘Gaius’
592 2479 618 2526 p.
633 2471 665 2512 93.
692 2464 749 2512 lnde
766 2464 906 2528 significat,
920 2465 989 2529 quod
1004 2465 1030 2512 in
1048 2479 1148 2528 erepen-

181 2531 300 2580 sitatione
312 2545 421 2589 caueam,
435 2533 474 2580 uel
484 2545 628 2593 personam,
642 2532 708 2580 unde
721 2532 853 2591 deseendit
865 2547 895 2580 ue
908 2532 1066 2596 transfertur
1080 2532 1147 2582 debi-

183 2606 239 2654 tum,
253 2597 441 2647 commemorari
449 2605 558 2660 oportet.
595 2596 615 2662 9)
630 2597 732 2661 Scripsi
744 2597 844 2648 ‘Gaius’
856 2615 883 2662 p.
891 2607 924 2650 93.
944 2608 966 2649 te
976 2615 1001 2649 se
1011 2599 1038 2648 0.
1059 2607 1080 2647 te
1090 2600 1147 2648 edd.

184 2663 226 2728 ¹²⁰)
239 2666 290 2714 rein
305 2664 331 2714 0.
351 2669 388 2713 ‘re
400 2666 482 2715 modo'
496 2667 536 2716 ed.
549 2665 600 2729 Bp.
619 2666 670 2714 ‘rei
688 2681 735 2715 non
753 2667 909 2716 litterarum’
923 2669 963 2716 ed.
979 2667 1071 2718 Gneiat.
1096 2665 1151 2714 Sed

183 2733 284 2783 Codicis
297 2738 383 2782 notan
398 2749 413 2782 a
425 2734 537 2797 margine
549 2734 596 2782 bne
608 2732 744 2784 oberrasse
761 2733 821 2782 milti
831 2735 937 2790 uidetur,
951 2749 1004 2782 cum
1015 2749 1039 2784 u.
1053 2741 1073 2780 s.
1087 2738 1147 2781 aute

183 2801 290 2866 proprie,
311 2801 354 2850 tabi
369 2801 544 2858 desideratur,
562 2802 707 2852 excidisset.
740 2799 823 2860 Quare
840 2815 886 2850 suo
904 2803 959 2850 loco
976 2815 1031 2849 eum
1049 2800 1151 2849 restitui

185 2885 231 2917 nec
242 2869 338 2932 scripsi
349 2870 419 2934 quod
428 2869 566 2934 aliquando
578 2869 719 2918 arriserat:
736 2870 765 2918 de
782 2870 833 2917 iure
851 2870 962 2920 naturali.
1012 2865 1031 2931 ¹)
1045 2869 1148 2918 dicimus

184 2938 219 2998 rj.
232 2935 282 3000 Bp.
318 2934 338 2997 ²)
352 2938 447 3000 proprie
459 2935 487 2988 0,
502 2937 560 2985 edd.
584 2937 642 2986 Vid.
656 2942 707 2986 not.
722 2945 766 2985 tta.
780 2941 805 2985 et
818 2936 918 2987 ‘Gaius'
930 2943 999 3000 pot.
1017 2937 1149 3000 improprie

184 3019 234 3053 non
247 3005 308 3052 dicit
322 3003 410 3061 Gaius,
427 3005 532 3054 sednon
546 3006 674 3068 propriet,
689 3011 720 3054 tt.
769 3002 790 3067 ³)
804 3005 882 3053 scilic.
897 3012 921 3053 ut
933 3004 953 3053 si
966 3002 994 3053 0.
1020 3005 1150 3053 scilicetet
1182 3055 1184 3060 ,

186 3125 277 3133 ——u—
290 3124 389 3132 ..m-—

185 3189 211 3260 ξ,
227 3194 285 3242 130.
304 3191 344 3253 Of.
357 3191 389 3240 L.
404 3199 428 3240 1³
438 3206 480 3255 pr.
500 3190 533 3238 D.
547 3191 583 3239 ad
593 3188 641 3242 80.
657 3190 722 3240 Vett.
738 3189 780 3255 (m,
797 3190 826 3250 t).
846 3191 903 3241 tto.
916 3200 949 3250 as,
963 3201 982 3240 r.
1052 3187 1078 3254 ξ.
1093 3189 1149 3239 131.

186 3260 225 3323 Cf.
240 3258 302 3310 cett.
317 3267 349 3321 tt,
362 3268 383 3306 2.
451 3253 549 3325 §.132¹
569 3257 611 3320 Cf.
625 3257 719 3308 Ancon.
733 3260 759 3307 in
772 3257 873 3311 Oornet.
883 3276 911 3322 p.
925 3264 958 3308 572
972 3260 1012 3312 ed.
1026 3257 1098 3307 Bait.

185 3325 211 3393 ξ.
227 3329 283 3377 133.
304 3327 344 3390 Cf.
357 3327 415 3376 Liu.
427 3334 460 3383 35,
474 3336 493 3376 t.
575 3322 600 3391 ᾗ.
615 3323 674 3374 134.
694 3325 733 3388 Cf.
748 3326 832 3380 Solent,
850 3328 875 3374 in
892 3327 969 3376 Verr.
983 3336 1003 3384 2,
1020 3336 1036 3374 t.
1054 3323 1101 3388 88.
1116 3332 1150 3376 60.

185 3403 218 3444 91.
241 3393 542 3458 p.tta.18t.ed.Buit,
573 3393 696 3447 Ammion.
715 3403 751 3452 ts,
769 3405 789 3442 5.
814 3393 841 3457 S.
859 3403 880 3443 t.
910 3393 940 3444 G.
959 3393 991 3445 E.
1011 3392 1151 3442 Hetmtact

187 3462 284 3512 ‘Lebre
297 3480 317 3513 v.
332 3461 474 3513 Creditum’
491 3478 518 3526 p.
532 3471 569 3512 509
580 3475 633 3524 seq.
715 3457 915 3527 §§.135-137.
933 3480 968 3504 =
985 3461 1018 3512 L.
1032 3470 1053 3510 t.
1072 3459 1105 3508 D.
1119 3461 1151 3510 de

169 3695 258 3716 *-
