2634 3974
535 223 670 258 nourrius
690 201 839 258 burrnuve.

206 361 372 428 gravissima
395 357 463 410 iuris
485 364 653 424 praecepta,
676 363 808 424 tanquam
828 359 947 408 fructum
965 359 1073 424 peracti
1092 358 1180 408 studii

205 429 326 480 breviter
351 445 383 478 ac
412 429 557 492 perspicue
588 426 858 492 comprehenderat„
877 442 969 476 eorum
991 426 1101 488 usibus,
1130 427 1178 490 qui

170 512 173 520 ·
206 497 304 547 schola
322 496 422 545 relicta
441 494 530 544 forum
549 493 652 544 adituri
671 498 763 556 erant,
788 494 850 544 dum
871 494 1032 559 posterioris
1051 493 1177 557 planiore

207 568 235 614 et
254 565 379 614 uberiore
405 563 589 628 explicatione
615 563 669 611 iuri
688 564 718 610 in
736 561 838 612 scholis
857 562 902 612 vel
920 561 1046 625 privatim
1065 577 1178 626 operam

206 631 313 681 daturis
333 630 487 682 consultum
504 631 572 681 ibat.
610 628 665 679 Sed
688 630 716 678 in
735 630 903 694 disponendo
921 628 1088 693 Regularum
1106 628 1177 678 libro

206 704 235 750 et
261 700 362 764 partim
387 699 470 747 etiam
492 698 521 746 in
546 696 733 762 componendo
759 697 822 746 Gaii
845 698 1042 748 Institutiones
1065 699 1178 746 secutus

207 765 422 831 deprehenditur
440 765 494 827 ita,
513 769 544 813 ut
561 765 712 829 praemisso
732 765 828 813 itidem
846 763 880 814 de
898 765 966 812 iuris
980 763 1102 813 lontibus
1114 762 1178 813 loco

79 887 84 896 ,Ἴ
208 838 237 883 et
260 849 393 884 summam
416 833 492 882 illam
514 833 678 888 divisionem
701 833 729 880 in
752 833 808 894 ius,
833 831 903 896 quod
927 831 962 880 ad
980 845 1114 895 personas
1131 831 1179 882 vel

76 937 82 952 .
144 909 146 912 '
208 901 244 950 ad
262 915 307 950 res
324 901 370 952 vel
389 901 424 950 ad
444 901 569 949 actiones
588 900 721 964 pertinet,
742 913 892 962 earumque
909 899 1029 964 partium
1048 899 1177 948 distribu-

208 971 297 1018 tiones
315 969 344 1017 in
367 969 524 1017 universum
547 969 695 1028 retineret,
724 972 753 1015 et
775 966 887 1030 singula
911 967 1018 1030 capita,
1042 971 1179 1030 quatenus

207 1035 375 1100 Regularum
389 1036 498 1084 diversa
511 1035 582 1083 ratio
595 1033 768 1098 patiebatur,
784 1034 911 1082 similiter
923 1038 1072 1095 tractaret,
1088 1033 1178 1083 auctis

187 1107 303 1154 tamen
328 1103 488 1170 quibusdam
503 1106 530 1150 et
548 1102 685 1152 interdum
705 1101 790 1150 etiam
808 1102 887 1151 novis
906 1101 1030 1150 materiis
1050 1100 1177 1162 adiectis,

208 1170 286 1221 velut
304 1169 338 1219 de
358 1170 479 1232 dotibus,
499 1168 532 1219 de
551 1169 747 1219 donationibus
765 1170 838 1216 inter
855 1169 943 1218 virum
962 1174 989 1218 et
1005 1184 1130 1231 uxorem,
1151 1173 1179 1218 et

156 1279 159 1288 .
209 1239 237 1288 in
256 1237 308 1288 fine
328 1239 404 1299 iuris,
425 1237 495 1302 quod
515 1237 549 1285 ad
567 1244 698 1301 personas
715 1237 845 1300 pertinet,
865 1235 899 1284 de
917 1245 988 1285 noro
1001 1251 1178 1300 personarum

79 1339 81 1342 -
209 1307 268 1354 iure
294 1321 327 1354 ex
344 1304 496 1370 lege-Iulia
521 1309 548 1354 et
570 1305 660 1368 Papia
678 1305 822 1370 Poppaea:
852 1319 906 1367 qua
928 1319 957 1352 re
983 1319 1050 1352 sane
1073 1304 1177 1353 iactum
1194 1307 1292 1384 ipssa,

81 1377 82 1380 ’
135 1383 136 1386 ’
209 1377 272 1436 est,
288 1377 319 1422 ut
341 1371 477 1434 quaedam
501 1371 612 1421 ad'fori
634 1387 712 1421 usum
736 1371 948 1434 pernecessaria
966 1386 1019 1420 non
1038 1370 1178 1420 desidera-

209 1446 316 1501 rentur,
341 1435 390 1488 se'd
415 1440 508 1488 etiam¹
522 1443 553 1487 ut
571 1440 733 1504 perspicuus
752 1438 800 1488 ille
819 1453 909 1486 rerum
928 1437 1177 1488 distribuendarum

212 1501 240 1556 et
259 1505 481 1571 exponendarum
500 1506 577 1568 ordo,
597 1522 650 1569 quo
670 1506 735 1556 Gaii
751 1507 942 1556 Institutiones
961 1505 1109 1568 excellunt,
1129 1505 1179 1555 ad-

108 1631 109 1634 ,
149 1637 151 1640 .
211 1574 319 1623 modum
338 1574 532 1623 obscuraretur
551 1579 579 1622 et
596 1573 806 1623 deformaretur.

279 1674 340 1735 Quo
358 1677 481 1738 tempore
501 1680 529 1724 et
548 1690 602 1738 qua
619 1675 730 1724 ratione
748 1675 858 1739 integer
869 1675 985 1738 Ulpiani
996 1675 1068 1724 liber
1080 1675 1116 1724 ad
1128 1675 1178 1724 has

134 1799 139 1802 ,
209 1743 330 1792 lacinias
348 1741 479 1792 redactus
498 1743 547 1804 sit,
566 1743 621 1792 non
640 1742 768 1792 convenit
785 1744 858 1792 inter
871 1743 944 1792 viros
958 1742 1075 1795 doctos-
1092 1743 1179 1804 Mom-

209 1810 269 1878 seni
288 1815 331 1860 est
349 1811 502 1874 sententia,
527 1825 582 1860 non
606 1810 652 1858 diu
676 1814 737 1874 post
757 1809 934 1860 Constantini
952 1814 1075 1876 tempora
1093 1810 1179 1858 exsti-

208 1881 277 1928 tisse
295 1879 433 1928 hominem
451 1894 547 1944 parum
566 1879 675 1928 doctum
695 1881 723 1926 et
740 1877 944 1927 incredibiliter
961 1877 1110 1942 stupidum,
1131 1879 1179 1942 qui

209 1946 326 2011 Ulpiani
338 1946 447 2007 librum,
467 1949 498 1995 ut
510 1947 571 2009 iuri,
592 1949 714 2010 quotum
726 1945 886 2008 utebantur,
905 1946 993 2010 magis
1008 1945 1177 2009 conveniret,

210 2016 312 2080 partim
330 2014 464 2064 breviarit
481 2016 582 2079 partim
600 2013 725 2074 mutarit;
744 2013 838 2077 itaque
857 2028 903 2075 ea,
924 2027 995 2077 quae
1009 2013 1044 2063 ad
1057 2010 1106 2062 nos
1119 2029 1180 2080 per-

158 2104 178 2148 ,3
209 2083 350 2144 venerint,
371 2095 426 2131 non
444 2085 501 2130 tam
520 2081 585 2132 libri
602 2080 717 2145 Ulpiani
734 2080 903 2145 Regularum
922 2096 1003 2146 quam
1021 2081 1100 2132 huius
1118 2083 1179 2131 bre-

144 2147 175 2198 tp
210 2150 293 2200 viarii
311 2149 445 2212 reliquias
465 2165 535 2201 esse.
572 2150 650 2211 Quae
669 2149 762 2213 opinio
780 2149 846 2198 mibi
865 2149 927 2199 ideo
946 2148 1090 2200 admodum
1103 2147 1180 2200 'vide-

210 2223 256 2270 tur
273 2218 333 2268 veri
351 2216 506 2281 dissimilis,
531 2217 602 2282 quod
623 2217 705 2265 nimis
722 2217 860 2280 stupidum
880 2218 955 2281 cogit
973 2231 1075 2280 ponere
1093 2217 1179 2267 homi-

210 2301 286 2347 nem;
305 2285 419 2349 primum
440 2285 513 2334 enim
530 2286 558 2333 in
575 2299 626 2334 usu
638 2284 704 2348 fori,
725 2300 804 2349 quem
817 2284 988 2349 potissimum
1000 2284 1023 2332 is
1037 2290 1179 2348 spectasse
1215 2298 1218 2306 ’

210 2357 336 2416 putatur,
362 2366 442 2414 quum
463 2353 584 2416 ipsorum
602 2351 728 2402 IOtorum
745 2352 810 2401 libri
828 2351 1062 2412 desiderarentur,
1087 2368 1180 2415 quem·

210 2418 355 2467 admodum
378 2425 487 2481 poterat
510 2435 565 2469 non
589 2420 697 2482 videre,
721 2419 825 2469 nullam
850 2420 960 2469 obscuri
982 2419 1100 2470 hominis
1118 2422 1179 2470 bre-

211 2487 329 2536 viarium
350 2487 543 2536 auctoritatem
562 2501 624 2537 esse
642 2487 819 2536 habiturum?
854 2487 962 2537 Deinde
982 2487 1054 2551 quod
1072 2489 1115 2541 ius
1133 2489 1181 2538 ob-

210 2551 329 2602 soletum
359 2552 521 2616 quibusdam
548 2554 619 2604 locis
642 2571 675 2604 ex
698 2555 770 2604 libro
794 2570 941 2605 exsecasse
966 2555 1080 2618 dicitur,
1109 2557 1191 2605 idem·

211 2619 281 2669 alibi
299 2618 445 2684 reliquisse
464 2621 687 2686 deprehenditur.
722 2623 832 2685 Taceo,
855 2623 926 2686 quod
945 2623 1081 2687 quaedam
1101 2639 1181 2689 argu·

214 2691 308 2737 menta
322 2688 447 2738 consulto
461 2691 553 2738 omissi
565 2692 669 2740 veteris
682 2692 750 2740 iuris
763 2690 840 2739 velut
857 2693 897 2754 27,
913 2693 936 2743 1.
955 2693 997 2753 20,
1008 2693 1030 2739 2.
1042 2693 1082 2742 10.
1104 2694 1127 2753 1,
1139 2692 1179 2752 21.

210 2757 319 2805 tantum
338 2771 371 2806 en
384 2757 522 2806 mendosis
534 2757 701 2807 lectionibus
716 2757 895 2822 colliguntur.
917 2759 1045 2823 Denique
1059 2760 1083 2807 si
1096 2773 1179 2824 quae-

209 2821 273 2873 dam
293 2825 427 2874 eiusmcdi
446 2825 548 2875 omissa
568 2830 645 2888 sunt,
667 2825 737 2889 quod
760 2825 864 2874 factum
887 2841 942 2876 non
966 2841 1049 2891 nego,
1070 2830 1098 2874 at
1116 2827 1180 2874 eunt

209 2893 297 2941 etiam
317 2892 414 2954 multa,
439 2908 509 2958 quae
528 2909 582 2942 non
601 2893 810 2957 obsoleverant,
833 2908 903 2958 quae
925 2899 1053 2958 utraque,
1073 2893 1177 2956 opinor,

212 2959 325 3008 facilius
350 2959 384 3008 ad
408 2968 500 3009 casum
523 2965 623 3010 natura
649 2975 700 3010 sua
722 2962 831 3010 ratione
860 2967 1012 3020 carentem,
1041 2975 1121 3024 quam
1145 2957 1180 3007 ad

211 3025 358 3076 consilium
376 3027 494 3077 hominis
512 3029 648 3092 Epicureo
672 3043 739 3078 casu
762 3043 815 3077 non
840 3029 990 3079 consultius
1013 3028 1181 3078 referuntur.

212 3093 311 3158 Itaque
330 3096 441 3144 ratione
461 3111 494 3144 ac
513 3096 631 3146 consilio
651 3111 712 3144 eum
730 3098 837 3145 tantum
855 3111 933 3146 usum
951 3096 1115 3162 putaverim,
1135 3095 1182 3159 qui

211 3163 242 3210 in
259 3163 340 3212 ruina
358 3163 408 3212 illa
427 3163 532 3212 veteris
551 3163 619 3212 iuris
640 3163 743 3226 civilis,
766 3163 818 3214 hoc
839 3169 881 3214 est
900 3165 975 3214 circa
994 3164 1074 3214 finem
1094 3163 1181 3214 seculi

211 3229 314 3294 quinti,
334 3231 437 3294 primus
457 3247 491 3280 ex
515 3230 645 3295 ‘Ulpiani
662 3235 791 3296 corpore’
815 3233 888 3282 hunc
913 3232 1000 3282 solum
1018 3233 1118 3282 librum
1135 3229 1181 3281 vel

211 3298 391 3362 exscripserit
410 3296 456 3346 vel
474 3313 545 3362 quae
564 3304 630 3347 tunc
648 3299 771 3362 reliquae
785 3315 818 3349 ex
832 3314 864 3348 eo
879 3303 958 3348 erant
975 3305 1069 3363 partes
1088 3313 1181 3351 serva-

212 3365 295 3422 verit,
319 3368 348 3412 ut
366 3365 441 3412 inter
460 3369 555 3414 cetera
575 3367 805 3431 iurisprudentiae
825 3367 942 3429 lumina,
965 3381 1036 3430 quae
1056 3369 1181 3418 Valenti·

214 3432 314 3480 nianus
327 3432 378 3484 III.
398 3431 623 3496 praedicaverat,
645 3438 673 3482 et
692 3439 786 3482 cetera
801 3433 976 3497 aliquatenus
990 3439 1101 3484 servata
1114 3437 1182 3484 iuris

212 3496 259 3546 vel
281 3498 406 3548 discendi
428 3500 472 3549 vel
496 3499 612 3550 docendi
637 3505 665 3549 et
692 3501 876 3564 respondendi
902 3503 1043 3565 praesidia
1066 3503 1182 3566 Ulpiani
