2648 3974
223 214 285 262 «358
323 273 327 292 1
468 271 471 275 1
597 225 693 262 1vn1vs
713 225 848 263 ravnnvs.

234 363 278 412 his
301 361 453 413 Sententiis
476 363 589 413 multum
612 364 860 428 profectumfesse.
902 363 981 424 Quod
1006 364 1090 413 etiarn
1114 365 1207 416 caditl
1248 365 1250 372 ⁴
1280 391 1284 394 -

235 433 264 480 in
276 432 443 480 novissimas
456 431 604 492 editiones,
616 431 684 480 Lud.
694 431 818 482 Arndtsii
831 431 936 496 alioqui
949 431 1206 499 diligentissimam,

235 514 305 564 quas
325 498 425 562 prodiit
441 498 470 546 in
484 497 604 562 Corpore
617 499 686 548 iuris
699 501 831 548 anteiust.
845 499 986 549 Bonnensi
1005 503 1033 547 et
1051 500 1206 562 separatim

234 567 348 616 Bonnae
369 567 458 624 1833.,
478 570 506 618 et
525 565 605 618 Gust.
623 566 757 616 Haenelii
775 567 804 614 in
821 567 884 631 lege
902 566 979 616 Rom.
997 566 1206 630 visigothorum

174 683 175 686 ,
220 633 500 696 ¹editaLips.1849.
540 633 609 682 Nam
628 649 662 682 ne
682 635 805 692 varietas
829 633 938 696 quidem
956 633 1109 683 lectionum
1128 635 1207 684 Hae·

235 697 349 750 ne'liana
368 701 396 749 in
414 700 459 752 his
477 701 646 751 editionibus
665 701 790 750 adhibita
808 707 866 764 est‚·
878 717 933 750 uon
951 701 986 750 ab
999 700 1138 764 Arndtsio,
1158 703 1206 764 qui

236 785 297 819 eam
315 767 435 818 nondum
453 772 576 828 noverat,
597 783 658 817 cum
676 769 925 818 editionemsuam
943 774 1129 833 componeret,
1149 783 1205 818 non

237 837 271 884 ab
291 835 440 897 Haenelio,
461 835 508 899 qni
527 836 635 884 omnino
660 851 714 885 non
738 836 766 884 irl
791 837 862 901 egit,
886 842 916 886 ut
935 836 1082 898 Paullum,
1101 835 1151 886 sed
1174 845 1207 886 ut

235 903 326 968 legem
339 903 492 952 Romanam
505 901 711 966 visigothorum
720 919 812 967 ,quam
825 904 1017 970 plenissimam
1037 907 1064 953 et
1082 905 1205 968 integer-

236 972 332 1019 rimam
351 975 516 1034 praestaret.
759 1028 762 1035 ,
816 982 818 984 ·

223 1095 224 1098 ¹
303 1039 359 1088 Nos
381 1053 448 1088 vero
473 1053 505 1088 eo
530 1053 610 1102 quam
633 1040 750 1088 maxime
774 1039 962 1101 incubuimus,
989 1040 1021 1086 ut
1044 1039 1128 1087 etiam
1152 1038 1205 1088 has

236 1107 341 1172 veteris
360 1107 428 1156 iuris
448 1106 582 1171 reliquias
606 1105 641 1156 ab
660 1106 786 1156 omnibus
803 1107 894 1169 vidia,
914 1106 1004 1171 quoad
1023 1105 1083 1155 fieri
1101 1111 1204 1170 posset,
1293 1107 1299 1128 ·

235 1178 369 1238 purgatas
393 1188 441 1224 suo
465 1174 549 1223 nitori
574 1175 796 1236 restitueremus,
827 1178 948 1224 osterum
971 1174 1055 1223 totius
1083 1175 1206 1223 instituti

202 1276 206 1278 -
236 1243 325 1290 nostri
344 1256 488 1294 memores.
517 1242 615 1306 itaque
634 1242 663 1290 in
680 1243 741 1305 ipso
760 1246 837 1290 textu
855 1257 904 1292 aas
923 1246 1032 1290 tantum
1051 1243 1206 1305 sententias

224 1309 406 1374 *perscriptas
430 1309 566 1372 dedimus,
592 1308 661 1372 quas
680 1309 819 1359 Breviarii
843 1309 954 1359 codices
978 1309 1226 1371 subministrantp

234 1376 364 1440 reliquas,
386 1391 457 1440 quae
476 1379 504 1425 in
517 1377 644 1441 Digestis
662 1377 709 1426 vel
727 1377 756 1424 in
768 1376 821 1426 hoo
834 1380 902 1441 ipso,
923 1376 996 1440 qnod
1010 1377 1123 1439 edimus,
1145 1391 1206 1426 cor·

228 1461 301 1508 -pors
320 1448 438 1506 exstant,
457 1450 489 1494 ut
508 1443 623 1494 chartae
642 1459 828 1507 parceremus,
848 1459 898 1494 suo
917 1444 978 1494 loco
998 1444 1117 1507 allegari
1136 1445 1206 1494 satis

235 1512 393 1560 habendum
412 1515 480 1560 erat.
518 1511 577 1572 Quo
596 1513 625 1560 in
644 1511 704 1560 loco
723 1511 877 1562 definiendo
899 1511 968 1561 licet
990 1513 1095 1562 rectius
1119 1513 1204 1562 inter-

237 1579 300 1627 dum
328 1579 515 1641 superioribus
545 1579 696 1628 editoribus
727 1581 831 1628 versati
863 1594 924 1630 esse
953 1580 1033 1629 nobis
1062 1575 1207 1630 videamur

236 1645 385 1709 (quaedam
415 1651 496 1695 acute
525 1651 695 1696 monstrante
718 1646 905 1697 Heimbachio
935 1647 965 1696 in
987 1647 1099 1712 Repert.
1127 1647 1206 1710 Lips.

171 1741 173 1743 >
237 1715 312 1764 1843.
332 1712 383 1762 ΙΠ.
403 1730 431 1777 p.
445 1715 493 1764 139
506 1713 584 1779 seu),
605 1714 718 1764 multum
738 1721 832 1764 tamen
851 1715 940 1776 abest,
959 1719 990 1762 ut
1007 1730 1051 1764 res
1070 1715 1125 1763 iam
1141 1729 1205 1772 oon-

235 1782 312 1832 t'eota
331 1795 392 1830 esse
410 1782 502 1845 putari
519 1785 617 1846 possit.
647 1783 910 1846 interpretationem
928 1782 1119 1831 Alaricianam
1138 1783 1207 1832 omi·

215 1849 329 1901 ¹simus.
362 1847 493 1898 Codicum
512 1865 577 1902 mss.
596 1850 747 1914 diligenter
765 1855 808 1900 est
826 1852 898 1899 ratio
917 1849 1024 1914 habita,
1044 1851 1085 1899 ita
1103 1855 1223 1912 tamen,-

235 1922 265 1965 ut
284 1932 332 1966 eas
352 1920 459 1966 tantum
477 1916 620 1977 lectiones,
640 1933 710 1982 qnae
729 1933 806 1968 usum
826 1916 946 1982 aliquem
965 1919 1141 1981 praeberent,
1162 1917 1204 1966 in·

235 1985 400 2046 dicaremus,
420 2000 475 2048 qna
494 1987 523 2034 in
541 2001 570 2034 re
583 1986 697 2048 numeri,
712 1985 809 2050 quibus
824 1987 936 2034 codices
949 1987 1083 2048 insignire
1096 1985 1207 2034 vitandi

237 2054 338 2102 erroris
358 2067 443 2102 causa
463 2053 581 2117 placuit,
608 2053 643 2102 ad
668 2053 824 2118 catalogum
843 2053 1049 2102 Haenelianum
1072 2053 1100 2101 in
1123 2068 1208 2116 prae-

235 2120 340 2170 fatione
359 2121 432 2185 legis
450 2121 528 2188 Rom.
542 2121 630 2186 Visig.
650 2122 792 2172 referendi
810 2125 881 2173 sunt.
906 2121 1034 2184 Denique
1048 2121 1095 2170 ubi
1108 2125 1206 2168 nostra

234 2188 319 2238 lectio
344 2203 406 2239 oum
423 2189 592 2238 Arndtsiana
611 2189 794 2250 consentiret,
821 2189 890 2240 nihil
913 2193 1069 2250 monentes,
1093 2187 1141 2236 ubi
1159 2187 1206 2236 vel

236 2257 271 2304 ab
291 2257 416 2306 omnibus
441 2258 487 2307 vel
512 2262 588 2307 certe
608 2273 624 2306 a
643 2259 853 2308 novissimorum
877 2255 1011 2306 editorum
1036 2254 1205 2304 editionibus

236 2323 421 2387 discreparet,
446 2324 498 2375 hoo
521 2339 629 2390 quoqne
653 2329 682 2374 in
710 2325 783 2375 notis
812 2324 1004 2374 indicavimus.
1042 2323 1103 2371 Iam
1125 2335 1204 2383 vero,

235 2405 299 2440 num
319 2391 383 2455 quid
402 2393 616 2455 profanamus,
636 2393 758 2457 tuipse,
779 2394 881 2452 lector,
900 2391 973 2442 vide.
1008 2427 1009 2431 ,

238 2491 441 2506 ὓ-ῡ-ω-

224 2559 256 2626 κθ)
270 2562 317 2610 Neo
332 2575 407 2609 meum
422 2569 509 2610 tantum
522 2563 567 2611 hoo
581 2563 694 2612 inditium
708 2571 752 2611 est.
775 2563 811 2612 Cl.
824 2562 964 2612 Hcimbach.
978 2561 1070 2624 Repert.
1083 2559 1149 2622 lips
1162 2558 1207 2607 lll.
1235 2567 1237 2571 ’
1273 2571 1274 2575 ’

235 2645 259 2694 p.
276 2638 311 2678 1³7
324 2643 373 2692 seq.
393 2631 521 2690 Boeoking.
536 2631 648 2680 Pendeat.
663 2629 689 2693 S.
703 2639 736 2682 22.
750 2632 775 2694 p.
790 2639 822 2678 74.
1310 2633 1311 2636 ’
