2634 3966
554 207 646 245 ortvs.
1054 197 1087 248 85

113 342 263 392 nominare
277 341 321 391 vel
339 347 504 407 praetorem,
520 345 598 394 cuius
617 344 748 408 pleraque
768 345 860 394 edicta
879 347 1026 409 proconsul
1045 364 1088 398 re-

115 413 236 474 ceperat
255 407 329 474 (Cic.
343 410 378 459 ad
386 412 475 465 Attic.
495 413 522 473 6,
541 415 562 461 l.
582 411 680 475 §.15.),
701 413 794 462 mirari
811 428 864 462 non
883 413 959 466 licet.
987 414 1088 467 Cetera

113 478 257 526 Momseni
275 483 440 542 argumenta
458 483 506 528 aut
523 479 628 530 leviora
646 485 710 528 sunt
727 483 775 528 aut
793 479 943 541 eiusmodi,
958 488 988 530 111
1002 483 1088 532 etiam

116 545 185 594 aliis
205 545 382 609 opinionibus
401 544 542 596 firmandis
555 547 689 598 inservire
702 549 817 610 possint,
832 563 915 611 quare
930 564 963 598 ea
976 550 1088 598 interim

114 613 208 660 missa
231 612 326 664 facere
350 613 445 666 liceat.
493 615 554 663 Hoc
572 629 638 664 vero
658 629 773 678 quaero:
793 616 968 678 quamobrem
986 617 1015 664 in
1034 617 1088 679 his,

115 679 221 742 quibus
243 678 335 742 locus,
358 681 406 730 ubi
431 681 490 744 quis
509 680 620 742 scribit,
644 682 746 745 optime
771 683 901 746 cognosci
921 682 998 742 solet,
1017 684 1088 734 nihil

115 747 279 810 reperiatur
298 748 325 794 in
346 745 410 796 Gaii
430 748 550 812 scriptis,
570 747 641 810 quod
661 747 755 798 Asiam
774 748 888 812 prodat?
914 751 1000 800 Immo
1018 751 1088 804 haec

116 812 154 861 ad
172 812 286 862 ltaliam
299 813 468 878 Romamque
481 829 531 866 nos
545 815 684 878 delegant.
702 816 735 864 In
749 817 882 880 exemplis
896 818 1088 872 condicionum

115 879 193 928 hanc
216 881 307 943 ponit:
334 883 374 928 ‘si
397 883 477 930 navis
501 898 534 932 ex
557 882 625 931 Asia
651 883 775 932 venerit'
798 909 832 918 -
859 885 903 945 (L.
928 888 969 936 33.
997 887 1031 936 D.
1054 886 1088 936 de

115 945 215 997 hered.
230 948 294 999 inst.
308 945 360 1009 (28,
374 946 400 1010 5)
422 963 455 996 01
472 949 520 998 lib.
533 949 570 998 II.
584 948 617 998 de
637 953 748 1001 testam.
767 949 802 998 ad
822 950 863 1002 ed.
881 957 970 1015 praet.
984 954 1041 1002 urb.
1055 955 1087 1004 L.

117 1016 158 1063 72.
169 1014 206 1065 D.
218 1014 252 1064 de
264 1013 337 1064 fidei.
350 1011 402 1080 (46,
414 1017 439 1077 1)
453 1031 487 1066 ex
499 1016 549 1066 lib.
559 1017 608 1066 ΠΙ.
623 1015 657 1067 de
667 1015 750 1078 VO.)
764 1017 831 1066 miro
845 1018 932 1080 modo,
946 1022 970 1068 si
979 1020 1088 1072 Troade

116 1081 191 1130 haec
211 1083 339 1147 scripsit3
358 1083 424 1132 item
444 1084 484 1132 ‘si
501 1084 581 1134 navis
595 1099 627 1132 ex
640 1083 735 1132 Africa
748 1086 872 1148 venerit)
892 1091 918 1136 et
936 1086 1007 1136 hanc
1026 1103 1089 1151 spe-

118 1149 207 1198 ciem:
231 1150 272 1198 ‘si
294 1150 367 1198 inter
390 1165 436 1200 eos
456 1150 502 1213 qui
519 1151 623 1200 Rornae
644 1148 708 1213 (non
727 1149 845 1214 Troade)
866 1159 937 1216 sunt,
956 1155 1020 1204 talis
1039 1156 1089 1208 fiat

117 1215 280 1280 stipulatio:
305 1218 393 1268 Hodie
407 1218 560 1282 Cartbagine
577 1221 641 1268 dore
659 1221 801 1282 spondee'?
824 1219 867 1280 (L.
889 1222 943 1269 141.
963 1223 1002 1282 ἕξ.
1022 1225 1044 1272 7.
1063 1225 1088 1274 4.

118 1282 184 1333 coll.
204 1285 237 1334 L.
258 1286 289 1334 73
306 1300 347 1348 pr.
366 1285 400 1334 de
418 1285 449 1334 V.
471 1284 502 1335 Ο.
522 1283 578 1348 (45,
599 1285 633 1347 1.)
652 1301 685 1335 ex
702 1285 751 1336 lib.
771 1287 807 1336 II.
828 1286 861 1336 de
880 1288 911 1338 V.
931 1287 978 1352 0.)
1003 1293 1030 1338 et
1048 1290 1089 1338 ‘si

118 1351 159 1414 is,
184 1353 232 1414 qui
255 1353 295 1401 ita
318 1351 467 1417 stipulatus
490 1353 587 1402 fuerit:
617 1355 642 1402 X
664 1355 732 1404 milio
749 1353 850 1419 Ephesi
872 1357 936 1404 dare
957 1358 1089 1420 spondes?

120 1457 144 1470 ..
159 1459 183 1471 ..
199 1419 302 1468 Romae
324 1435 392 1484 pure
411 1422 451 1470 sio
469 1419 636 1470 intenderit’
656 1419 691 1483 (4,
711 1420 776 1484 ab).
800 1421 933 1472 Similiter
950 1424 979 1472 in
999 1439 1089 1474 exem·

119 1485 175 1550 plis
196 1488 221 1536 ei
242 1491 353 1536 suntet
370 1491 399 1536 in
418 1488 486 1552 ipsis
505 1489 614 1552 quidem
633 1489 717 1538 etiam
737 1489 771 1536 ad
785 1489 904 1539 edictum
916 1491 1088 1555 provinciale

118 1553 202 1605 libris
224 1555 325 1608 fundus
344 1554 528 1614 Tusculanus,
553 1557 646 1606 vinum
666 1555 849 1620 Campanum,
874 1560 996 1608 triticum
1015 1559 1088 1609 Afri·

120 1637 193 1684 cum,
214 1623 300 1685 Tyria
318 1637 438 1688 purpura
458 1622 549 1686 (quam
568 1639 618 1673 usu
636 1624 727 1688 potius
739 1623 891 1674 Romanam
910 1625 1023 1689 dixeris)
1042 1629 1087 1690 (L.

119 1692 160 1741 74.
185 1689 220 1739 D.
240 1690 274 1739 de
293 1690 325 1739 V.
347 1689 378 1742 Ο.
404 1691 460 1752 (45,
481 1690 524 1755 1.).
549 1692 581 1743 L.
602 1693 642 1745 17.
665 1707 705 1756 pr.
723 1691 759 1745 D.
780 1692 814 1742 (10
839 1693 941 1744 condit.
967 1701 995 1744 et
1018 1694 1087 1744 dem.

120 1758 285 1819 35‚1.1nst.
305 1759 329 1820 4,
344 1757 397 1823 53.)
417 1762 444 1808 et
462 1759 521 1822 ipse
541 1775 558 1808 a
577 1762 705 1822 praetore
725 1757 789 1821 (non
803 1775 819 1808 a
832 1760 1009 1825 proconsule)
1024 1778 1090 1812 cau-

120 1825 225 1873 tionem
248 1828 348 1888 petens
366 1827 397 1875 L.
422 1827 462 1873 11.
486 1827 520 1877 D.
540 1830 570 1874 ut
590 1827 642 1891 leg.
672 1825 729 1889 (36,
748 1826 786 1886 3).
823 1829 929 1888 Quibus
949 1830 1088 1891 convenit,

121 1889 200 1956 qnod,
222 1906 275 1954 qno
295 1891 339 1941 die
352 1893 455 1943 Romae
475 1891 540 1956 (11011
558 1895 586 1942 in
603 1893 765 1958 provinciis)
779 1898 844 1944 vota
862 1911 910 1960 pro
929 1896 1021 1946 salute
1039 1899 1089 1945 im·

119 1959 259 2024 peratoria
277 1961 473 2025 suscipiantur,
495 1963 607 2026 exponit
625 1959 668 2023 (L.
688 1964 746 2013 233.
765 1963 789 2022 ἕ,
809 1965 831 2011 l.
845 1963 879 2012 D.
899 1962 932 2011 de
952 1963 985 2013 V.
1000 1963 1027 2016 S.
1046 1965 1088 2026 bil,

121 2025 177 2090 17),
197 2027 269 2090 quod
288 2026 373 2076 etiam
392 2030 420 2078 in
438 2026 517 2078 libris
536 2029 570 2078 ad
584 2029 704 2078 edictum
716 2029 888 2092 provinciale
903 2031 937 2080 ab
950 2031 1002 2090 his,
1017 2046 1088 2095 quae

119 2095 225 2144 Romae
245 2099 317 2156 sunt,
338 2095 373 2144 ad
390 2097 428 2158 id,
448 2097 519 2158 quod
538 2097 566 2145 in
584 2096 733 2160 provinciis
752 2097 873 2156 obtinet,
897 2098 1023 2162 procedit
1041 2096 1087 2162 [L.

121 2165 144 2211 1.
164 2177 204 2226 pr.
224 2161 258 2210 D.
280 2162 351 2226 quod
370 2165 475 2227 cuiusq.
495 2164 570 2212 univ.
589 2168 613 2225 3,
631 2167 655 2214 4.
675 2164 706 2212 1..
725 2165 749 2213 5.
767 2164 802 2213 D.
821 2163 854 2216 ,de
874 2169 959 2216 curat.
979 2165 1087 2226 111127,

122 2230 164 2290 10)
186 2233 214 2278 et
231 2229 319 2278 multa
338 2231 447 2280 similia.
483 2231 609 2295 Denique
633 2247 703 2295 quae
727 2236 793 2280 tunc
813 2236 873 2280 erat
892 2233 966 2282 urbis
984 2233 1088 2282 Romae

122 2298 293 2361 auctoritas,
314 2297 405 2362 legum
423 2299 546 2363 patriae,
570 2300 679 2362 imperii
698 2299 839 2362 omnisque
857 2299 1089 2363 iurisprudentiae

122 2364 205 2421 sedis,
225 2365 287 2428 quis
310 2365 418 2427 credat,
443 2365 680 2428 iurisconsultum,
706 2366 753 2428 qai
775 2370 817 2414 101
835 2367 990 2432 insignibus
1008 2367 1088 2417 libris

120 2432 163 2479 ins
189 2431 272 2481 civile
295 2431 460 2495 illustravit,
484 2429 586 2497 quique
610 2437 638 2483 et
657 2432 820 2482 Cassianum
843 2448 872 2482 se
896 2435 1038 2499 profitetur
1061 2439 1090 2485 et

120 2497 189 2548 licet
206 2514 263 2548 non
282 2514 299 2546 a
318 2499 344 2549 S.
363 2499 513 2565 Pomponio
533 2498 667 2550 Cassiano
690 2501 757 2549 item
784 2501 887 2550 ‘Gaius
909 2507 1015 2552 noster'
1040 2519 1089 2568 ap·
1189 2497 1190 2502 ¹

119 2565 267 2630 pellatus‚⁷
289 2570 381 2616 tamen
400 2568 596 2618 controversiis
614 2567 783 2630 scholarum,
809 2583 878 2632 quae
896 2570 999 2621 Romae
1023 2574 1089 2619 tunc

121 2633 266 2693 florebant,
286 2636 327 2682 ita
345 2649 374 2685 se
392 2635 548 2696 interserit,
566 2642 597 2685 ut
616 2637 656 2685 eis
676 2640 717 2700 et,
745 2635 808 2684 dnm
831 2637 979 2700 scriberet,
1004 2638 1089 2687 111101-

121 2701 208 2750 luisse
227 2701 364 2763 videatur,
383 2718 437 2752 non
456 2703 568 2764 Rornae,
588 2703 682 2752 sedin
705 2701 798 2766 aliquo
817 2705 1020 2768 provinciarum
1039 2720 1089 2754 an-

121 2766 186 2832 gulo
207 2767 331 2817 abditum
349 2769 475 2820 docuisse
495 2785 528 2818 ac
548 2771 711 2834 scripsisse?

189 2835 270 2885 Haec
289 2840 381 2886 tamen
404 2838 445 2886 ita
468 2837 609 2901 disputata
632 2843 726 2901 eunte,
748 2842 779 2886 ut
797 2839 821 2886 si
844 2840 903 2902 quis
922 2839 1022 2889 Gaium
1040 2855 1088 2888 na-

120 2905 196 2952 tione
221 2904 357 2954 Graecum
388 2909 416 2954 et
442 2904 563 2954 fortasse
592 2920 625 2954 ex
653 2905 766 2956 colonia
794 2905 942 2969 aliqua'in
964 2907 1090 2972 partibus

120 2971 236 3019 orientis
258 2971 400 3020 oriundum
414 2972 510 3022 ‘luisse
532 2975 671 3036 opinetur,
697 2988 773 3038 qnae
796 2973 860 3022 olim
883 2975 915 3024 A.
940 2975 1090 3039 Augustini

122 3044 148 3086 et
166 3039 213 3086 Fr.
234 3037 361 3088 Connani
378 3040 433 3089 fuit
452 3041 601 3102 sententia,
621 3041 649 3089 id
667 3041 795 3104 equidem
813 3057 901 3106 neque
920 3057 1021 3106 negare
1041 3058 1090 3092 ne·

120 3119 174 3168 que
193 3104 333 3156 affirmare
353 3108 449 3156 ausim.
476 3109 537 3158 Non
555 3123 668 3172 negare,
689 3111 755 3171 quia
773 3109 858 3172 probe
877 3110 945 3171 scio,
966 3111 1021 3159 iam
1039 3109 1090 3159 illa

120 3271 139 3334 ⁷)
159 3275 185 3325 L.
199 3283 233 3323 39.
253 3277 280 3324 1).
295 3276 325 3326 de
337 3277 416 3340 stipul.
432 3291 492 3326 serv.
513 3277 555 3338 (15,
569 3274 604 3337 3),
623 3278 660 3341 qui
679 3279 750 3326 locus
768 3293 823 3327 num
842 3279 870 3326 ad
883 3279 966 3330 Gaium
983 3286 1090 3328 nostrum

118 3349 222 3404 spectet,
239 3358 283 3391 nec
295 3345 374 3406 potius
387 3345 417 3392 ad
429 3346 455 3394 C.
468 3345 574 3394 Cassium
586 3345 718 3406 Longinum
732 3385 737 3402 ‚
756 3354 810 3409 post
827 3348 942 3409 disputata
961 3346 989 3394 110
1006 3347 1049 3393 buc
1062 3361 1089 3394 10

119 3424 131 3456 a
145 3410 172 3460 G.
187 3411 218 3458 ll.
232 3412 365 3474 lisheroin
378 3413 496 3463 Zeitschr.
517 3414 532 3463 l.
546 3413 714 3473 Rechtsgesch.
734 3413 760 3465 V.
777 3430 799 3476 p.
814 3422 838 3462 83
851 3429 900 3475 seq.
919 3415 951 3461 ita
970 3413 1027 3469 mihi
1046 3414 1089 3460 dn·

118 3476 182 3526 hinni
197 3492 250 3526 esse
264 3480 352 3528 lactum
367 3480 448 3538 fateor,
462 3489 487 3528 nt
499 3480 527 3528 ad
540 3481 658 3543 posterius
671 3481 817 3530 statuendum
830 3483 928 3544 pronior
940 3482 992 3531 sim.
