2590 4286
339 142 487 186 cruruuvs.
507 141 662 183 nouurnvs.
681 141 893 180 nuuosrnnuus.
1049 129 1100 178 749

118 278 178 329 illo
194 273 265 328 aevo
283 279 319 328 iis
334 281 443 326 tantum
456 279 524 328 iuris
538 277 812 342 interpretibus'dari
827 278 952 339 solitum,
972 279 1097 342 quiante
1174 310 1178 318 »

120 347 313 396 Iustiniauum
337 345 508 408 claruerant,
533 361 583 395 nee
607 349 701 395 tamen
725 345 810 396 multo
834 352 914 407 ante,
935 346 1000 410 quia
1026 347 1098 394 anti·

118 416 243 478 quiores
269 415 378 464 omnino
403 413 630 478 negligebantur,
655 413 713 470 sive
740 417 853 478 propter
878 419 1011 476 aetatem,
1039 417 1099 464 sive

120 481 203 546 quod
220 481 288 530 iuris
307 481 425 530 studium
450 481 526 532 brevi
551 484 615 530 ante
635 480 818 530 Iustiniauum
841 495 929 532 novas
953 482 1027 531 vires
1052 497 1097 530 ce·

121 553 212 614 perat
229 554 477 610 antecessoresque
495 563 588 598 rursus
613 549 691 612 quasi
713 549 779 598 novi
798 549 947 614 Papiniani
971 549 1007 598 ad
1026 563 1099 598 sum-

123 631 236 666 morum
259 617 389 668 honorum
413 616 556 681 fastigium
580 615 661 668 evehi
684 621 844 680 coeperant.
882 618 937 678 Qui
955 617 1029 667 enim
1047 618 1099 666 sub

121 685 288 734 Iustiniana
311 684 355 734 vel
377 688 440 749 post
462 684 589 746 fuerunt,
614 683 681 734 licet
705 684 894 747 celeberrimi,
917 685 994 734 velut
1011 684 1100 734 Doro·

121 753 220 812 theus,
240 751 420 836 Theophilus,
440 720 617 814 Thalelaeds,
638 749 701 814 alii,
720 757 783 816 post
802 757 918 802 mortem
936 753 1100 816 saepissime

121 789 243 882 quidein
269 813 299 869 oi
324 822 482 899 punupirur
509 819 588 882 (loca
620 821 761 884 congessit
789 819 869 870 Gust.
896 820 1007 872 Heimb.
1035 819 1052 870 l.
1077 835 1100 875 c.

123 903 154 951 p
170 887 251 966 2043),
270 903 323 952 quo
339 888 448 936 nomine
462 889 601 965 antiquior
613 887 698 936 semel
711 894 819 936 tantum
832 887 984 950 (Patricius
998 888 1032 938 fr.
1046 887 1100 948 25.)

123 955 291 1020 insignitur,
311 969 450 1018 nunquam
468 970 534 1005 vero
556 945 647 1021 ἥρωες
673 954 857 1020 appellantur
895 955 1015 1005 Causam
1033 967 1099 1004 vero
1187 965 1192 968 ’

123 1021 212 1071 huius
231 1023 312 1086 quasi
329 1022 443 1084 iubaris,
463 1036 515 1085 quo
535 1024 722 1086 antiquiorum
741 1027 946 1072 antecessorum
964 1023 1099 1072 memoria

125 1090 337 1148 coruscabat,
330 1105 359 1137 m
371 1089 423 1138 hoc
437 1089 556 1168 positam
569 1089 655 1139 fuisse
669 1094 744 1154 putu,
765 1091 836 1152 quod
849 1089 891 1138 illi
905 1090 993 1139 adhuc
1006 1094 1099 1140 stante

129 1159 248 1222 antiquo
268 1159 353 1206 totius
366 1157 460 1206 orbis'
452 1157 575 1222 imperio,
594 1157 769 1222 integrisque
783 1157 873 1206 adhuc
886 1164 968 1221 atque
982 1157 1084 1206 illibat'
1065 1160 1101 1206 tm

128 1224 284 1274 fontibus
276 1225 344 1274 ruris
357 1225 474 1274 Romani
492 1225 596 1274 maiore
616 1239 677 1274 cum
694 1223 824 1274 libertate
822 1231 920 1307 atque
934 1240 986 1301 ape
988 1225 1102 1274 toritate

56 1350 59 1353 .
129 1292 180 1369 (cf.
201 1291 352 1355 fr.1.')1us
374 1292 557 1343 tradiderant.
598 1293 669 1343 Nam
693 1291 777 1342 iidem
802 1286 832 1342 οἷ
852 1283 1039 1370 παλαιότεροι
1058 1291 1101 1342 δι-

127 1351 274 1410 δοξοκαλοι
288 1357 332 1424 (ir.
346 1359 380 1426 9.)
395 1361 480 1410 etiam
497 1355 526 1410 οἱ
537 1357 588 1424 τῆς
602 1354 796 1440 οἰκουμένης
790 1355 964 1411 διδάσκαλοι
978 1360 1023 1437 (fr.
1038 1359 1101 1424 12.)

126 1419 144 1480 d
165 1420 266 1487 κοινὸς
284 1427 335 1492 τῆς
353 1423 527 1493 οἰκουμένης
545 1427 590 1478 vel
609 1419 796 1492 simpliciterd
811 1444 910 1487 κοινος
924 1419 1102 1486 διδάσκαλος

130 1495 179 1563 (fr
199 1495 295 1560 1.14.)
320 1496 512 1561 appellantur,
541 1495 614 1560 quod
635 1497 742 1560 pariter
770 1497 804 1546 de
834 1497 994 1548 doctoribus
1017 1497 1101 1546 Iusti·

130 1567 218 1614 niano
243 1565 354 1615 coaevis
377 1563 422 1614 vel
445 1563 625 1614 inferioribus
651 1579 789 1628 nunquam
818 1562 936 1628 legi.—
959 1562 1041 1625 Quod
1067 1563 1103 1612 ad

129 1632 304 1698 singulorum
323 1627 447 1681 aetatem
465 1633 575 1690 attinet,
595 1647 629 1682 ex
646 1633 738 1682 verbis
759 1636 844 1682 const.
863 1632 995 1682 laudatae
1015 1647 1102 1696 appa·

131 1717 192 1752 rere
211 1700 335 1760 videtur,
354 1701 508 1749 Patricium
527 1703 555 1749 et
568 1667 729 1748 'Eudoxium
747 1699 820 1749 inter
842 1715 871 1749 se
890 1701 949 1749 fere
970 1700 1102 1764 aequales

73 1803 76 1810 ·
130 1770 315 1820 Iustinianum
335 1768 442 1818 duabus
461 1783 550 1832 paene
570 1767 712 1817 aetatibus
724 1769 921 1832 praecessisse,
935 1768 1100 1815 Patricium-

132 1851 185 1900 que
203 1839 234 1884 ut
253 1836 342 1900 gloria
361 1836 539 1900 superiorem,
559 1835 600 1884 ita
619 1840 714 1884 aetate
732 1835 826 1900 paullo
839 1835 999 1884 inferiorem
1011 1833 1102 1884 Eudo-

130 1903 176 1951 xio
199 1903 296 1950 fuisse.
337 1902 486 1967 Comparat
511 1904 584 1952 enim
611 1905 763 1968 imperator
786 1903 952 1964 Eudoxium,
979 1901 1103 1952 Anatolii

131 1983 215 2018 avum
233 1984 294 2018 cum
305 1971 438 2032 Patricio,
458 1971 613 2032 Leontium,
627 1971 753 2020 Anatolii
771 1974 887 2033 patrem,
908 1985 969 2018 cum
981 1969 1100 2018 Leontio

132 2035 251 2086 Patrieii
268 2035 338 2086 filio:
358 2043 386 2087 et
404 2042 519 2100 uterque
534 2038 642 2101 quidem
663 2053 734 2087 avus
754 2046 782 2086 et
800 2041 918 2101 uterque
936 2041 1018 2101 pater
1036 2042 1103 2085 tunc
1125 2097 1131 2108 Ι

134 2106 190 2154 iam
209 2103 324 2153 defunct
326 2105 335 2153 i
313 2105 440 2154 tiuisse
454 2105 596 2167 videntur,
616 2105 655 2154 alt
645 2110 733 2155 terum
747 2120 813 2154 vero
826 2105 972 2154 Leontium
985 2104 1103 2155 Patricii
1169 2129 1173 2140 r

133 2171 249 2220 filium
241 2175 314 2220 mter
337 2173 437 2223 Xvircs
461 2171 571 2222 codicis
601 2171 783 2236 componendi
806 2175 904 2237 paucis
933 2173 1013 2222 annis
1037 2176 1103 2221 ante

133 2240 288 2290 invenimus
306 2240 336 2288 in
355 2243 441 2292 const.
423 2240 495 2290 tde
514 2255 584 2290 novo
605 2239 943 2318 codiceiaciendo.l1is
963 2239 1102 2300 convenit,

134 2307 207 2372 quud
220 2307 389 2358 Thalelaeus
401 2309 470 2357 Iust
451 2308 552 2357 tmiani
571 2307 696 2373 aequalis
711 2307 763 2356 Pat
753 2308 861 2356 tricium
875 2299 925 2356 τὸν
937 2306 1101 2374 μακαρίτην

135 2376 271 2440 appellat,
291 2381 423 2439 tanquam
444 2391 494 2426 sua
515 2375 623 2424 demum
641 2377 773 2426 memoria
793 2374 960 2428 defunctum.
990 2376 1120 2426 Domni.

135 2459 199 2492 num
218 2448 246 2493 et
263 2445 378 2494 Demost
367 2444 478 2492 thenem
496 2459 588 2494 rursus
607 2443 701 2508 paullo
727 2443 896 2510 antiquiores
914 2444 1016 2508 fuisse,
1040 2443 1103 2493 inde

136 2509 333 2572 concludimus,
361 2512 434 2574 quod
463 2516 490 2560 et
518 2511 603 2562 multo
627 2513 717 2561 rarior
743 2527 834 2562 eorum
862 2512 964 2561 mentio
993 2515 1048 2573 est,
1077 2515 1104 2560 et

134 2583 248 2641 uterque
268 2584 316 2628 aut
317 2595 332 2629 e
306 2579 497 2629 tEudoxium
514 2584 760 2630 commemorantur
775 2578 821 2645 (fr.
833 2579 881 2644 3),
901 2585 929 2630 et
941 2579 1104 2630 Demosthe

135 2647 177 2696 nis
200 2647 340 2696 sentenia
364 2662 381 2696 a
398 2649 521 2698 Patricio
546 2649 661 2698 affertur
686 2648 730 2711 (fr.
754 2647 800 2713 4.)
842 2647 915 2698 Sane
938 2648 1104 2696 Domninum

135 2713 304 2780 Theodorus,
323 2730 404 2780 quem
422 2716 527 2766 Tiberii
538 2716 577 2768 II.
596 2721 722 2780 tempora
740 2717 868 2780 attigisse
888 2719 1005 2774 constat,
1024 2729 1104 2779 prae·

136 2785 273 2846 ceptcrem
293 2798 370 2833 suum
397 2789 480 2834 vocat
499 2782 544 2846 (fr,
563 2783 614 2848 4.);
633 2799 729 2834 verum
756 2799 787 2832 eo
807 2797 902 2845 senen,
926 2787 957 2830 ut
975 2783 1103 2844 arbitror,

136 2865 186 2916 quo
199 2849 287 2900 Gaius
306 2855 426 2902 ‘nostros
447 2855 665 2916 praeceptores’,
684 2851 731 2901 vel
751 2850 832 2916 (quae
846 2851 986 2900 sententia
999 2850 1105 2899 Zacha-

137 2919 205 2969 riaei
225 2926 267 2968 est
283 2919 387 2969 Anecd.
406 2935 433 2983 p.
453 2918 594 2984 XLVIII.)
619 2920 698 2984 quasi
722 2935 755 2968 ex
778 2919 856 2968 libris
880 2918 939 2968 eius
964 2917 1103 2968 didicerit.

136 2987 260 3050 Neque
252 2988 340 3052 rgitur
364 2988 513 3053 quidquem
536 2987 677 3051 prohibet,
706 2991 737 3036 ut
754 2987 934 3050 Domninum,
963 2985 998 3039 ad
1024 3001 1105 3052 quem

136 3053 251 3102 Zenonis
272 3057 344 3120 epist
333 3055 391 3106 tola
413 3055 582 3106 testantibus
595 3055 728 3106 Basrlurs
740 3057 782 3118 56
797 3055 820 3103 6.
835 3071 859 3110 c.
874 3056 909 3114 7.,
929 3055 975 3103 cui
992 3071 1104 3134 respon-

136 3119 181 3168 det
171 3123 329 3172 trestituta
347 3125 380 3173 L.
400 3126 423 3174 7.
443 3123 473 3177 O.
493 3123 526 3172 de
551 3121 656 3174 fidet
629 3129 656 3174 et
678 3125 737 3173 iure
761 3123 860 3173 hastae
885 3122 940 3188 (10,
961 3121 1002 3186 3),
1029 3124 1105 3172 eirca

138 3189 231 3238 ο.487.
251 3191 317 3238 data
337 3195 388 3254 est,
408 3207 456 3256 pro
476 3191 721 3242 nostroDomnino
740 3191 947 3242 habeamus-
916 3190 1103 3254 -Cyrillum,

136 3247 184 3305 τὸν
202 3245 331 3323 ηρωα(ΐτ.
349 3259 401 3322 1.),
421 3275 501 3340 quem
519 3257 644 3324 plerique
664 3276 725 3309 cum
743 3261 897 3326 posteriore
917 3259 1034 3322 Cyrillo,
1054 3259 1105 3308 Di·

138 3327 274 3388 gestorum
306 3326 356 3376 sub
384 3327 541 3377 lusiniano
576 3329 740 3394 interprete,
773 3328 957 3391 confundunt,
991 3332 1105 3381 auctore

138 3389 165 3441 Ο.
182 3393 215 3442 Ε.
234 3393 406 3445 Zachariaeo
430 3395 494 3449 hist.
517 3396 568 3444 iur
594 3396 719 3449 Graecu-
726 3397 802 3448 Rom.
821 3413 848 3461 p
867 3399 907 3448 21.
930 3399 1017 3464 primo
1042 3397 1105 3450 loco
