<?xml version="1.0" encoding="UTF-8"?>
<!DOCTYPE html PUBLIC "-//W3C//DTD XHTML 1.0 Transitional//EN"
    "http://www.w3.org/TR/xhtml1/DTD/xhtml1-transitional.dtd">
<html xmlns="http://www.w3.org/1999/xhtml" xml:lang="en" lang="en">
 <head>
  <title>
</title>
<meta http-equiv="Content-Type" content="text/html;charset=utf-8" />
  <meta name='ocr-system' content='tesseract 3.04.00' />
  <meta name='ocr-capabilities' content='ocr_page ocr_carea ocr_par ocr_line ocrx_word'/>
</head>
<body>
  <div class='ocr_page' id='page_1' title='image "./ivrisprvdentiae01huscgoog_0138.png"; bbox 0 0 2634 3966; ppageno 0'>
   <div class='ocr_carea' id='block_1_1' title="bbox 196 153 855 202">
    <p class='ocr_par' dir='ltr' id='par_1_1' title="bbox 196 153 855 202">
     <span class='ocr_line' id='line_1_1' title="bbox 196 153 855 202; baseline -0.003 0"><span class='ocrx_word' id='word_1_1' title='bbox 196 153 245 202; x_wconf 74' lang='lat'><em>120</em></span> <span class='ocrx_word' id='word_1_2' title='bbox 505 165 566 201; x_wconf 65' lang='lat' dir='ltr'><em>een</em></span> <span class='ocrx_word' id='word_1_3' title='bbox 587 167 690 202; x_wconf 71' lang='lat' dir='ltr'><em>niem.</em></span> <span class='ocrx_word' id='word_1_4' title='bbox 709 153 729 200; x_wconf 91' lang='lat' dir='ltr'><em>i.</em></span> <span class='ocrx_word' id='word_1_5' title='bbox 749 153 855 202; x_wconf 76' lang='lat'>78-80.</span> 
     </span>
    </p>
   </div>
   <div class='ocr_carea' id='block_1_2' title="bbox 145 301 1243 2312">
    <p class='ocr_par' dir='ltr' id='par_1_2' title="bbox 145 301 1229 1471">
     <span class='ocr_line' id='line_1_2' title="bbox 145 301 1229 384; baseline 0.007 -26"><span class='ocrx_word' id='word_1_6' title='bbox 145 311 185 359; x_wconf 80' lang='lat'><em>21.</em></span> <span class='ocrx_word' id='word_1_7' title='bbox 197 313 335 380; x_wconf 81' lang='lat' dir='ltr'><em>tamquam</em></span> <span class='ocrx_word' id='word_1_8' title='bbox 351 307 373 360; x_wconf 88' lang='lat' dir='ltr'><em>si</em></span> <span class='ocrx_word' id='word_1_9' title='bbox 390 323 422 362; x_wconf 80' lang='lat' dir='ltr'><em>ex</em></span> <span class='ocrx_word' id='word_1_10' title='bbox 437 307 579 378; x_wconf 83' lang='lat' dir='ltr'><em>peregrine</em></span> <span class='ocrx_word' id='word_1_11' title='bbox 595 323 656 360; x_wconf 83' lang='lat' dir='ltr'><em>eun]</em></span> <span class='ocrx_word' id='word_1_12' title='bbox 669 316 846 379; x_wconf 76' lang='lat' dir='ltr'>procreasset.</span> <span class='ocrx_word' id='word_1_13' title='bbox 862 301 865 384; x_wconf 64' lang='lat' dir='ltr'><em>t</em></span> <span class='ocrx_word' id='word_1_14' title='bbox 880 307 932 362; x_wconf 85' lang='lat' dir='ltr'><em>hoe</em></span> <span class='ocrx_word' id='word_1_15' title='bbox 944 301 1082 364; x_wconf 63' lang='lat' dir='ltr'><em>’eumeuii</em></span> <span class='ocrx_word' id='word_1_16' title='bbox 1094 317 1163 366; x_wconf 86' lang='lat' dir='ltr'><em>tern-</em></span> <span class='ocrx_word' id='word_1_17' title='bbox 1223 337 1229 346; x_wconf 82' lang='grc'><strong><em>·</em></strong></span> 
     </span>
     <span class='ocr_line' id='line_1_3' title="bbox 192 390 1160 463; baseline 0.002 -17"><span class='ocrx_word' id='word_1_18' title='bbox 192 407 263 462; x_wconf 83' lang='lat' dir='ltr'><em>pore</em></span> <span class='ocrx_word' id='word_1_19' title='bbox 286 407 300 446; x_wconf 87' lang='lat' dir='ltr'><em>e</em></span> <span class='ocrx_word' id='word_1_20' title='bbox 322 390 576 452; x_wconf 77' lang='lat' dir='ltr'><em>senatusconsulto,</em></span> <span class='ocrx_word' id='word_1_21' title='bbox 601 390 672 463; x_wconf 88' lang='lat' dir='ltr'><em>quod</em></span> <span class='ocrx_word' id='word_1_22' title='bbox 693 397 804 445; x_wconf 84' lang='lat' dir='ltr'><em>euetore</em></span> <span class='ocrx_word' id='word_1_23' title='bbox 825 391 889 447; x_wconf 90' lang='lat' dir='ltr'><em>diuo</em></span> <span class='ocrx_word' id='word_1_24' title='bbox 906 391 1039 447; x_wconf 82' lang='lat' dir='ltr'><em>Hadriano</em></span> <span class='ocrx_word' id='word_1_25' title='bbox 1061 392 1160 448; x_wconf 83' lang='lat' dir='ltr'><em>iactum</em></span> 
     </span>
     <span class='ocr_line' id='line_1_4' title="bbox 196 473 1163 550; baseline 0.003 -21"><span class='ocrx_word' id='word_1_26' title='bbox 196 482 252 537; x_wconf 88' lang='lat' dir='ltr'><em>est,</em></span> <span class='ocrx_word' id='word_1_27' title='bbox 277 476 327 530; x_wconf 87' lang='lat' dir='ltr'><em>etsi</em></span> <span class='ocrx_word' id='word_1_28' title='bbox 347 491 402 529; x_wconf 84' lang='lat' dir='ltr'><em>non</em></span> <span class='ocrx_word' id='word_1_29' title='bbox 423 473 505 527; x_wconf 87' lang='lat' dir='ltr'><em>suerit</em></span> <span class='ocrx_word' id='word_1_30' title='bbox 525 473 669 534; x_wconf 82' lang='lat' dir='ltr'>conubium</span> <span class='ocrx_word' id='word_1_31' title='bbox 690 476 761 529; x_wconf 87' lang='lat' dir='ltr'><em>inter</em></span> <span class='ocrx_word' id='word_1_32' title='bbox 776 475 861 530; x_wconf 80' lang='lat' dir='ltr'><em>ciuem</em></span> <span class='ocrx_word' id='word_1_33' title='bbox 877 475 1020 531; x_wconf 80' lang='lat' dir='ltr'>Romanam</span> <span class='ocrx_word' id='word_1_34' title='bbox 1040 485 1069 531; x_wconf 89' lang='lat' dir='ltr'><em>et</em></span> <span class='ocrx_word' id='word_1_35' title='bbox 1083 493 1163 550; x_wconf 88' lang='lat' dir='ltr'><em>pere·</em></span> 
     </span>
     <span class='ocr_line' id='line_1_5' title="bbox 197 556 1217 631; baseline 0.003 -20"><span class='ocrx_word' id='word_1_36' title='bbox 197 559 313 631; x_wconf 81' lang='lat' dir='ltr'><em>grinum,</em></span> <span class='ocrx_word' id='word_1_37' title='bbox 332 559 378 630; x_wconf 88' lang='lat' dir='ltr'><em>qui</em></span> <span class='ocrx_word' id='word_1_38' title='bbox 393 557 518 619; x_wconf 81' lang='lat' dir='ltr'><em>nescitur,</em></span> <span class='ocrx_word' id='word_1_39' title='bbox 536 559 623 612; x_wconf 88' lang='lat' dir='ltr'><em>iustus</em></span> <span class='ocrx_word' id='word_1_40' title='bbox 639 559 722 630; x_wconf 82' lang='lat' dir='ltr'><em>petris</em></span> <span class='ocrx_word' id='word_1_41' title='bbox 739 557 810 613; x_wconf 87' lang='lat' dir='ltr'><em>tilius</em></span> <span class='ocrx_word' id='word_1_42' title='bbox 826 567 875 614; x_wconf 92' lang='lat' dir='ltr'><em>est.</em></span> <span class='ocrx_word' id='word_1_43' title='bbox 919 556 964 616; x_wconf 77' lang='grc'><em>78.</em></span> <span class='ocrx_word' id='word_1_44' title='bbox 983 559 1060 626; x_wconf 83' lang='lat' dir='ltr'><em>Quod</em></span> <span class='ocrx_word' id='word_1_45' title='bbox 1071 569 1160 616; x_wconf 80' lang='lat' dir='ltr'><em>autem</em></span> <span class='ocrx_word' id='word_1_46' title='bbox 1213 610 1217 622; x_wconf 72' lang='grc'><strong>,</strong></span> 
     </span>
     <span class='ocr_line' id='line_1_6' title="bbox 197 639 1160 716; baseline 0.005 -20"><span class='ocrx_word' id='word_1_47' title='bbox 197 643 325 704; x_wconf 81' lang='lat' dir='ltr'><strong>diximus,</strong></span> <span class='ocrx_word' id='word_1_48' title='bbox 352 642 424 696; x_wconf 87' lang='lat' dir='ltr'><em>inter</em></span> <span class='ocrx_word' id='word_1_49' title='bbox 449 643 534 696; x_wconf 86' lang='lat' dir='ltr'><em>ciuem</em></span> <span class='ocrx_word' id='word_1_50' title='bbox 559 639 702 696; x_wconf 77' lang='lat' dir='ltr'><em>Romenem</em></span> <span class='ocrx_word' id='word_1_51' title='bbox 728 643 958 716; x_wconf 79' lang='lat' dir='ltr'><em>peregrinumque</em></span> <span class='ocrx_word' id='word_1_52' title='bbox 983 649 1160 704; x_wconf 82' lang='lat' dir='ltr'><em>matrimonio</em></span> 
     </span>
     <span class='ocr_line' id='line_1_7' title="bbox 197 727 1163 799; baseline 0.003 -17"><span class='ocrx_word' id='word_1_53' title='bbox 197 734 346 782; x_wconf 83' lang='lat' dir='ltr'><em>contracto</em></span> <span class='ocrx_word' id='word_1_54' title='bbox 362 741 438 794; x_wconf 77' lang='lat' dir='ltr'><em>eum,</em></span> <span class='ocrx_word' id='word_1_55' title='bbox 463 729 513 797; x_wconf 79' lang='lat' dir='ltr'><em>qui</em></span> <span class='ocrx_word' id='word_1_56' title='bbox 532 727 664 788; x_wconf 82' lang='lat' dir='ltr'><em>nescitur,</em></span> <span class='ocrx_word' id='word_1_57' title='bbox 685 727 859 799; x_wconf 84' lang='lat' dir='ltr'><em>peregrinum</em></span> <span class='ocrx_word' id='word_1_58' title='bbox 882 727 990 798; x_wconf 83' lang='lat' dir='ltr'><em>’nosei‚</em></span> <span class='ocrx_word' id='word_1_59' title='bbox 1015 733 1098 784; x_wconf 83' lang='lat' dir='ltr'><em>etiarn</em></span> <span class='ocrx_word' id='word_1_60' title='bbox 1115 745 1163 784; x_wconf 84' lang='lat' dir='ltr'><em>co·</em></span> 
     </span>
     <span class='ocr_line' id='line_1_8' title="bbox 195 812 1161 884; baseline 0.001 -19"><span class='ocrx_word' id='word_1_61' title='bbox 195 812 282 866; x_wconf 83' lang='lat' dir='ltr'><em>uubio</em></span> <span class='ocrx_word' id='word_1_62' title='bbox 297 828 354 866; x_wconf 88' lang='lat' dir='ltr'><em>nen</em></span> <span class='ocrx_word' id='word_1_63' title='bbox 370 813 579 864; x_wconf 82' lang='lat' dir='ltr'><em>interueniente</em></span> <span class='ocrx_word' id='word_1_64' title='bbox 596 817 601 870; x_wconf 92' lang='grc' dir='ltr'>Ι</span> <span class='ocrx_word' id='word_1_65' title='bbox 617 813 709 880; x_wconf 83' lang='lat' dir='ltr'><em>ualet,</em></span> <span class='ocrx_word' id='word_1_66' title='bbox 731 813 816 882; x_wconf 79' lang='lat' dir='ltr'><em>idque</em></span> <span class='ocrx_word' id='word_1_67' title='bbox 834 827 891 880; x_wconf 81' lang='lat' dir='ltr'><em>per</em></span> <span class='ocrx_word' id='word_1_68' title='bbox 910 814 999 884; x_wconf 74' lang='lat' dir='ltr'><em>leyen</em></span> <span class='ocrx_word' id='word_1_69' title='bbox 1021 813 1161 868; x_wconf 87' lang='lat' dir='ltr'><em>Meusiem</em></span> 
     </span>
     <span class='ocr_line' id='line_1_9' title="bbox 195 885 1161 967; baseline 0.001 -17"><span class='ocrx_word' id='word_1_70' title='bbox 195 898 253 950; x_wconf 87' lang='lat' dir='ltr'><em>ium</em></span> <span class='ocrx_word' id='word_1_71' title='bbox 269 901 355 950; x_wconf 85' lang='lat' dir='ltr'><em>antee</em></span> <span class='ocrx_word' id='word_1_72' title='bbox 372 895 509 964; x_wconf 79' lang='lat' dir='ltr'><em>effectum</em></span> <span class='ocrx_word' id='word_1_73' title='bbox 524 885 594 949; x_wconf 77' lang='lat' dir='ltr'><em>ert.⁷</em></span> <span class='ocrx_word' id='word_1_74' title='bbox 616 893 707 948; x_wconf 83' lang='lat' dir='ltr'><em>eedem</em></span> <span class='ocrx_word' id='word_1_75' title='bbox 723 887 800 966; x_wconf 77' lang='lat' dir='ltr'><em>le9e⁸</em></span> <span class='ocrx_word' id='word_1_76' title='bbox 815 895 888 950; x_wconf 77' lang='lat' dir='ltr'><em>illuct</em></span> <span class='ocrx_word' id='word_1_77' title='bbox 901 913 1012 967; x_wconf 81' lang='lat' dir='ltr'><em>quoque</em></span> <span class='ocrx_word' id='word_1_78' title='bbox 1026 904 1161 966; x_wconf 51' lang='lat' dir='ltr'><em>¹cauetur,</em></span> 
     </span>
     <span class='ocr_line' id='line_1_10' title="bbox 196 968 1161 1051; baseline 0.003 -18"><span class='ocrx_word' id='word_1_79' title='bbox 196 983 228 1034; x_wconf 92' lang='lat' dir='ltr'><em>ut</em></span> <span class='ocrx_word' id='word_1_80' title='bbox 242 979 265 1032; x_wconf 90' lang='lat' dir='ltr'><em>si</em></span> <span class='ocrx_word' id='word_1_81' title='bbox 280 968 491 1051; x_wconf 68' lang='lat' dir='ltr'><em>’pereguinurn9</em></span> <span class='ocrx_word' id='word_1_82' title='bbox 508 986 654 1050; x_wconf 76' lang='lat' dir='ltr'><em>euntque</em></span> <span class='ocrx_word' id='word_1_83' title='bbox 669 971 736 1032; x_wconf 74' lang='lat' dir='ltr'><em>&#39;ei90</em></span> <span class='ocrx_word' id='word_1_84' title='bbox 753 976 897 1034; x_wconf 80' lang='lat' dir='ltr'>conubium</span> <span class='ocrx_word' id='word_1_85' title='bbox 913 996 967 1034; x_wconf 88' lang='lat' dir='ltr'><em>non</em></span> <span class='ocrx_word' id='word_1_86' title='bbox 983 981 1026 1041; x_wconf 89' lang='lat' dir='ltr'><em>sit,</em></span> <span class='ocrx_word' id='word_1_87' title='bbox 1040 997 1161 1037; x_wconf 76' lang='lat' dir='ltr'><em>uxorem</em></span> 
     </span>
     <span class='ocr_line' id='line_1_11' title="bbox 196 1063 1162 1134; baseline 0.002 -17"><span class='ocrx_word' id='word_1_88' title='bbox 196 1063 315 1118; x_wconf 76' lang='lat' dir='ltr'><em>duruerit</em></span> <span class='ocrx_word' id='word_1_89' title='bbox 330 1065 402 1118; x_wconf 83' lang='lat' dir='ltr'><em>eiuis</em></span> <span class='ocrx_word' id='word_1_90' title='bbox 416 1063 573 1123; x_wconf 85' lang='lat' dir='ltr'><em>Romanus,</em></span> <span class='ocrx_word' id='word_1_91' title='bbox 590 1063 758 1134; x_wconf 70' lang='lat' dir='ltr'><strong>peregrimus</strong></span> <span class='ocrx_word' id='word_1_92' title='bbox 774 1077 806 1115; x_wconf 77' lang='lat' dir='ltr'><em>ex</em></span> <span class='ocrx_word' id='word_1_93' title='bbox 822 1078 853 1116; x_wconf 91' lang='lat' dir='ltr'><em>eo</em></span> <span class='ocrx_word' id='word_1_94' title='bbox 875 1065 949 1118; x_wconf 83' lang='lat' dir='ltr'><em>coitu</em></span> <span class='ocrx_word' id='word_1_95' title='bbox 969 1073 1102 1120; x_wconf 81' lang='lat' dir='ltr'><em>nascetur.</em></span> <span class='ocrx_word' id='word_1_96' title='bbox 1134 1072 1162 1119; x_wconf 87' lang='lat' dir='ltr'><em>et</em></span> 
     </span>
     <span class='ocr_line' id='line_1_12' title="bbox 196 1145 1162 1219; baseline 0.001 -18"><span class='ocrx_word' id='word_1_97' title='bbox 196 1151 225 1202; x_wconf 92' lang='lat' dir='ltr'><em>in</em></span> <span class='ocrx_word' id='word_1_98' title='bbox 247 1149 350 1216; x_wconf 79' lang='lat' dir='ltr'><em>priore</em></span> <span class='ocrx_word' id='word_1_99' title='bbox 372 1148 483 1219; x_wconf 77' lang='lat' dir='ltr'><em>quidem</em></span> <span class='ocrx_word' id='word_1_100' title='bbox 504 1150 600 1217; x_wconf 81' lang='lat' dir='ltr'><em>speeie</em></span> <span class='ocrx_word' id='word_1_101' title='bbox 618 1147 783 1208; x_wconf 79' lang='lat' dir='ltr'><em>neeeetseria</em></span> <span class='ocrx_word' id='word_1_102' title='bbox 803 1145 845 1200; x_wconf 81' lang='lat' dir='ltr'><em>lex</em></span> <span class='ocrx_word' id='word_1_103' title='bbox 866 1147 973 1202; x_wconf 78' lang='lat' dir='ltr'><em>Meneta</em></span> <span class='ocrx_word' id='word_1_104' title='bbox 997 1147 1070 1218; x_wconf 79' lang='lat' dir='ltr'><em>fuit:</em></span> <span class='ocrx_word' id='word_1_105' title='bbox 1094 1167 1162 1204; x_wconf 86' lang='lat' dir='ltr'><em>num</em></span> 
     </span>
     <span class='ocr_line' id='line_1_13' title="bbox 197 1232 1206 1302; baseline 0 -16"><span class='ocrx_word' id='word_1_106' title='bbox 197 1233 322 1302; x_wconf 82' lang='lat' dir='ltr'><em>alioquin</em></span> <span class='ocrx_word' id='word_1_107' title='bbox 339 1232 458 1286; x_wconf 84' lang='lat' dir='ltr'><em>conubio</em></span> <span class='ocrx_word' id='word_1_108' title='bbox 472 1235 549 1286; x_wconf 87' lang='lat' dir='ltr'><em>inter</em></span> <span class='ocrx_word' id='word_1_109' title='bbox 561 1239 565 1292; x_wconf 92' lang='grc' dir='ltr'>Ι</span> <span class='ocrx_word' id='word_1_110' title='bbox 577 1238 694 1301; x_wconf 82' lang='lat' dir='ltr'><em>putrem</em></span> <span class='ocrx_word' id='word_1_111' title='bbox 710 1237 736 1286; x_wconf 89' lang='lat' dir='ltr'><em>et</em></span> <span class='ocrx_word' id='word_1_112' title='bbox 751 1239 871 1286; x_wconf 85' lang='lat' dir='ltr'><em>matrem</em></span> <span class='ocrx_word' id='word_1_113' title='bbox 885 1249 942 1286; x_wconf 87' lang='lat' dir='ltr'><em>uon</em></span> <span class='ocrx_word' id='word_1_114' title='bbox 952 1235 1161 1287; x_wconf 88' lang='lat' dir='ltr'><em>interueniente</em></span> <span class='ocrx_word' id='word_1_115' title='bbox 1199 1285 1206 1296; x_wconf 76' lang='grc'><strong>,</strong></span> 
     </span>
     <span class='ocr_line' id='line_1_14' title="bbox 195 1317 1159 1388; baseline 0 -18"><span class='ocrx_word' id='word_1_116' title='bbox 195 1320 229 1384; x_wconf 79' lang='lat' dir='ltr'><em>is,</em></span> <span class='ocrx_word' id='word_1_117' title='bbox 248 1319 298 1388; x_wconf 82' lang='lat' dir='ltr'><em>qui</em></span> <span class='ocrx_word' id='word_1_118' title='bbox 311 1323 399 1370; x_wconf 76' lang='lat' dir='ltr'><em>uetur</em></span> <span class='ocrx_word' id='word_1_119' title='bbox 415 1317 419 1380; x_wconf 83' lang='grc' dir='ltr'>Ι</span> <span class='ocrx_word' id='word_1_120' title='bbox 436 1323 485 1384; x_wconf 87' lang='lat' dir='ltr'><em>est,</em></span> <span class='ocrx_word' id='word_1_121' title='bbox 504 1317 660 1378; x_wconf 79' lang='lat' dir='ltr'><em>seeundum</em></span> <span class='ocrx_word' id='word_1_122' title='bbox 675 1319 748 1370; x_wconf 77' lang='lat' dir='ltr'><em>iuris</em></span> <span class='ocrx_word' id='word_1_123' title='bbox 766 1319 890 1388; x_wconf 63' lang='lat' dir='ltr'><em>nentium</em></span> <span class='ocrx_word' id='word_1_124' title='bbox 904 1317 1035 1388; x_wconf 67' lang='lat' dir='ltr'><em>requiem</em></span> <span class='ocrx_word' id='word_1_125' title='bbox 1048 1319 1159 1384; x_wconf 77' lang='lat' dir='ltr'><em>mairie,</em></span> 
     </span>
     <span class='ocr_line' id='line_1_15' title="bbox 198 1391 1161 1471; baseline -0.003 -16"><span class='ocrx_word' id='word_1_126' title='bbox 198 1417 255 1456; x_wconf 90' lang='lat' dir='ltr'><em>uon</em></span> <span class='ocrx_word' id='word_1_127' title='bbox 274 1403 371 1468; x_wconf 79' lang='lat' dir='ltr'><em>putris</em></span> <span class='ocrx_word' id='word_1_128' title='bbox 394 1399 558 1459; x_wconf 84' lang='lat' dir='ltr'><em>eontdieioni</em></span> <span class='ocrx_word' id='word_1_129' title='bbox 578 1399 693 1454; x_wconf 79' lang='lat' dir='ltr'><em>aceedit.</em></span> <span class='ocrx_word' id='word_1_130' title='bbox 727 1391 796 1470; x_wconf 82' lang='lat' dir='ltr'><em>¹qua</em></span> <span class='ocrx_word' id='word_1_131' title='bbox 819 1407 894 1471; x_wconf 85' lang='lat' dir='ltr'><em>perte</em></span> <span class='ocrx_word' id='word_1_132' title='bbox 910 1407 1005 1455; x_wconf 86' lang='lat' dir='ltr'><em>euteru</em></span> <span class='ocrx_word' id='word_1_133' title='bbox 1020 1398 1093 1454; x_wconf 85' lang='lat' dir='ltr'><em>iubet</em></span> <span class='ocrx_word' id='word_1_134' title='bbox 1108 1399 1161 1461; x_wconf 81' lang='lat' dir='ltr'><em>lex,</em></span> 
     </span>
    </p>

    <p class='ocr_par' dir='ltr' id='par_1_3' title="bbox 197 1483 1163 1975">
     <span class='ocr_line' id='line_1_16' title="bbox 198 1483 1163 1555; baseline 0.002 -18"><span class='ocrx_word' id='word_1_135' title='bbox 198 1499 213 1537; x_wconf 89' lang='lat' dir='ltr'><em>e</em></span> <span class='ocrx_word' id='word_1_136' title='bbox 236 1486 299 1536; x_wconf 78' lang='lat' dir='ltr'><em>etue</em></span> <span class='ocrx_word' id='word_1_137' title='bbox 314 1483 445 1538; x_wconf 81' lang='lat' dir='ltr'><em>Romano</em></span> <span class='ocrx_word' id='word_1_138' title='bbox 467 1489 495 1537; x_wconf 90' lang='lat' dir='ltr'><em>et</em></span> <span class='ocrx_word' id='word_1_139' title='bbox 514 1483 666 1554; x_wconf 79' lang='lat' dir='ltr'><em>peretgrine</em></span> <span class='ocrx_word' id='word_1_140' title='bbox 686 1483 861 1555; x_wconf 80' lang='lat' dir='ltr'><em>peregrinum</em></span> <span class='ocrx_word' id='word_1_141' title='bbox 884 1488 979 1552; x_wconf 82' lang='lat' dir='ltr'><em>nasei,</em></span> <span class='ocrx_word' id='word_1_142' title='bbox 1004 1485 1073 1539; x_wconf 81' lang='lat' dir='ltr'><em>uitii</em></span> <span class='ocrx_word' id='word_1_143' title='bbox 1094 1487 1163 1539; x_wconf 88' lang='lat' dir='ltr'><em>noui</em></span> 
     </span>
     <span class='ocr_line' id='line_1_17' title="bbox 197 1567 1161 1640; baseline 0.002 -20"><span class='ocrx_word' id='word_1_144' title='bbox 197 1567 375 1628; x_wconf 75' lang='lat' dir='ltr'><em>introduxit;</em></span> <span class='ocrx_word' id='word_1_145' title='bbox 392 1575 396 1627; x_wconf 87' lang='grc' dir='ltr'>Ι</span> <span class='ocrx_word' id='word_1_146' title='bbox 412 1582 472 1628; x_wconf 83' lang='lat' dir='ltr'><em>nem</em></span> <span class='ocrx_word' id='word_1_147' title='bbox 489 1567 567 1620; x_wconf 80' lang='lat' dir='ltr'><em>etiem</em></span> <span class='ocrx_word' id='word_1_148' title='bbox 585 1569 645 1622; x_wconf 73' lang='lat' dir='ltr'><em>sine</em></span> <span class='ocrx_word' id='word_1_149' title='bbox 661 1583 696 1621; x_wconf 89' lang='lat' dir='ltr'><em>eu</em></span> <span class='ocrx_word' id='word_1_150' title='bbox 711 1567 773 1638; x_wconf 85' lang='lat' dir='ltr'><em>lege</em></span> <span class='ocrx_word' id='word_1_151' title='bbox 789 1582 804 1620; x_wconf 88' lang='lat' dir='ltr'><em>e</em></span> <span class='ocrx_word' id='word_1_152' title='bbox 824 1570 926 1639; x_wconf 66' lang='lat' dir='ltr'><em>requie</em></span> <span class='ocrx_word' id='word_1_153' title='bbox 947 1571 1020 1622; x_wconf 81' lang='lat' dir='ltr'><em>iuris</em></span> <span class='ocrx_word' id='word_1_154' title='bbox 1037 1571 1161 1640; x_wconf 69' lang='lat' dir='ltr'><em>yentium</em></span> 
     </span>
     <span class='ocr_line' id='line_1_18' title="bbox 197 1645 1161 1719; baseline 0.002 -15"><span class='ocrx_word' id='word_1_155' title='bbox 197 1651 270 1706; x_wconf 84' lang='lat' dir='ltr'><em>idem</em></span> <span class='ocrx_word' id='word_1_156' title='bbox 286 1658 290 1710; x_wconf 84' lang='lat' dir='ltr'><em>t</em></span> <span class='ocrx_word' id='word_1_157' title='bbox 306 1649 428 1703; x_wconf 77' lang='lat' dir='ltr'><em>futurum</em></span> <span class='ocrx_word' id='word_1_158' title='bbox 443 1655 508 1704; x_wconf 81' lang='lat' dir='ltr'><em>eret.</em></span> <span class='ocrx_word' id='word_1_159' title='bbox 551 1645 599 1706; x_wconf 78' lang='grc'><em>79.</em></span> <span class='ocrx_word' id='word_1_160' title='bbox 621 1652 694 1705; x_wconf 82' lang='lat' dir='ltr'><em>Adeo</em></span> <span class='ocrx_word' id='word_1_161' title='bbox 710 1655 799 1706; x_wconf 79' lang='lat' dir='ltr'><em>autem</em></span> <span class='ocrx_word' id='word_1_162' title='bbox 815 1650 867 1706; x_wconf 86' lang='lat' dir='ltr'><em>hoo</em></span> <span class='ocrx_word' id='word_1_163' title='bbox 881 1652 923 1704; x_wconf 77' lang='lat' dir='ltr'><em>ite</em></span> <span class='ocrx_word' id='word_1_164' title='bbox 933 1658 986 1719; x_wconf 76' lang='lat' dir='ltr'><em>est,</em></span> <span class='ocrx_word' id='word_1_165' title='bbox 1010 1658 1041 1706; x_wconf 91' lang='lat' dir='ltr'><em>ut</em></span> <span class='ocrx_word' id='word_1_166' title='bbox 1062 1651 1161 1706; x_wconf 82' lang='lat' dir='ltr'><em>&#39;etiam</em></span> 
     </span>
     <span class='ocr_line' id='line_1_19' title="bbox 198 1733 1163 1805; baseline 0.002 -17"><span class='ocrx_word' id='word_1_167' title='bbox 198 1749 237 1789; x_wconf 81' lang='lat' dir='ltr'><em>en</em></span> <span class='ocrx_word' id='word_1_168' title='bbox 252 1733 357 1788; x_wconf 85' lang='lat' dir='ltr'><em>Lotinu</em></span> <span class='ocrx_word' id='word_1_169' title='bbox 374 1741 401 1788; x_wconf 89' lang='lat' dir='ltr'><em>et</em></span> <span class='ocrx_word' id='word_1_170' title='bbox 417 1737 480 1788; x_wconf 86' lang='lat' dir='ltr'><em>ciue</em></span> <span class='ocrx_word' id='word_1_171' title='bbox 496 1735 626 1789; x_wconf 85' lang='lat' dir='ltr'><em>Romano</em></span> <span class='ocrx_word' id='word_1_172' title='bbox 642 1737 693 1805; x_wconf 81' lang='lat' dir='ltr'><em>qui</em></span> <span class='ocrx_word' id='word_1_173' title='bbox 712 1737 857 1803; x_wconf 81' lang='lat' dir='ltr'><em>nuscitur,</em></span> <span class='ocrx_word' id='word_1_174' title='bbox 879 1739 981 1789; x_wconf 78' lang='lat' dir='ltr'><em>metris</em></span> <span class='ocrx_word' id='word_1_175' title='bbox 1001 1739 1163 1791; x_wconf 79' lang='lat' dir='ltr'><em>condicioni</em></span> 
     </span>
     <span class='ocr_line' id='line_1_20' title="bbox 197 1809 1163 1888; baseline -0.001 -15"><span class='ocrx_word' id='word_1_176' title='bbox 197 1809 337 1882; x_wconf 81' lang='lat' dir='ltr'><em>aceedut;</em></span> <span class='ocrx_word' id='word_1_177' title='bbox 362 1835 428 1872; x_wconf 86' lang='lat' dir='ltr'><em>narn</em></span> <span class='ocrx_word' id='word_1_178' title='bbox 455 1820 506 1872; x_wconf 82' lang='lat' dir='ltr'><em>teu</em></span> <span class='ocrx_word' id='word_1_179' title='bbox 526 1817 640 1873; x_wconf 80' lang='lat' dir='ltr'><em>Mensiu</em></span> <span class='ocrx_word' id='word_1_180' title='bbox 668 1820 708 1872; x_wconf 85' lang='lat' dir='ltr'><em>aei</em></span> <span class='ocrx_word' id='word_1_181' title='bbox 727 1810 804 1872; x_wconf 78' lang='lat' dir='ltr'><em>tune</em></span> <span class='ocrx_word' id='word_1_182' title='bbox 826 1833 925 1873; x_wconf 82' lang='lat' dir='ltr'><em>cusum</em></span> <span class='ocrx_word' id='word_1_183' title='bbox 946 1836 1002 1886; x_wconf 88' lang='lat' dir='ltr'><em>nou</em></span> <span class='ocrx_word' id='word_1_184' title='bbox 1020 1824 1163 1888; x_wconf 77' lang='lat' dir='ltr'><em>pertinet:</em></span> 
     </span>
     <span class='ocr_line' id='line_1_21' title="bbox 198 1895 1161 1975; baseline -0.001 -18"><span class='ocrx_word' id='word_1_185' title='bbox 198 1917 274 1975; x_wconf 81' lang='lat' dir='ltr'><em>quoe</em></span> <span class='ocrx_word' id='word_1_186' title='bbox 295 1905 407 1974; x_wconf 83' lang='lat' dir='ltr'><em>quidem</em></span> <span class='ocrx_word' id='word_1_187' title='bbox 427 1919 483 1956; x_wconf 87' lang='lat' dir='ltr'><em>neu</em></span> <span class='ocrx_word' id='word_1_188' title='bbox 508 1905 680 1974; x_wconf 73' lang='lat' dir='ltr'><em>pereqrinos</em></span> <span class='ocrx_word' id='word_1_189' title='bbox 701 1909 811 1957; x_wconf 85' lang='lat' dir='ltr'><em>tuntum</em></span> <span class='ocrx_word' id='word_1_190' title='bbox 838 1895 1088 1972; x_wconf 74' lang='lat' dir='ltr'><em>comprehendit,²</em></span> <span class='ocrx_word' id='word_1_191' title='bbox 1114 1902 1161 1957; x_wconf 86' lang='lat' dir='ltr'><em>sed</em></span> 
     </span>
    </p>

    <p class='ocr_par' dir='ltr' id='par_1_4' title="bbox 164 1985 1243 2312">
     <span class='ocr_line' id='line_1_22' title="bbox 164 1985 1161 2058; baseline 0.001 -18"><span class='ocrx_word' id='word_1_192' title='bbox 164 2031 165 2034; x_wconf 59' lang='grc'>,</span> <span class='ocrx_word' id='word_1_193' title='bbox 198 1987 277 2041; x_wconf 81' lang='lat' dir='ltr'><em>etiem</em></span> <span class='ocrx_word' id='word_1_194' title='bbox 300 1987 345 2058; x_wconf 88' lang='lat' dir='ltr'><em>qui</em></span> <span class='ocrx_word' id='word_1_195' title='bbox 366 1985 459 2048; x_wconf 83' lang='lat' dir='ltr'><em>Lettini</em></span> <span class='ocrx_word' id='word_1_196' title='bbox 480 1987 666 2048; x_wconf 65' lang='lat' dir='ltr'><em>nominantem</em></span> <span class='ocrx_word' id='word_1_197' title='bbox 693 1986 741 2040; x_wconf 88' lang='lat' dir='ltr'><em>sed</em></span> <span class='ocrx_word' id='word_1_198' title='bbox 761 1985 793 2040; x_wconf 81' lang='lat' dir='ltr'><em>ed</em></span> <span class='ocrx_word' id='word_1_199' title='bbox 815 1985 880 2040; x_wconf 84' lang='lat' dir='ltr'><em>elios</em></span> <span class='ocrx_word' id='word_1_200' title='bbox 903 1985 1012 2042; x_wconf 82' lang='lat' dir='ltr'><em>Latinos</em></span> <span class='ocrx_word' id='word_1_201' title='bbox 1033 1989 1161 2058; x_wconf 79' lang='lat' dir='ltr'><em>pertinet,</em></span> 
     </span>
     <span class='ocr_line' id='line_1_23' title="bbox 200 2068 1162 2144; baseline 0 -19"><span class='ocrx_word' id='word_1_202' title='bbox 200 2071 246 2143; x_wconf 84' lang='lat' dir='ltr'><em>qui</em></span> <span class='ocrx_word' id='word_1_203' title='bbox 266 2071 390 2143; x_wconf 88' lang='lat' dir='ltr'><em>proprios</em></span> <span class='ocrx_word' id='word_1_204' title='bbox 412 2069 529 2143; x_wconf 84' lang='lat' dir='ltr'>populos</span> <span class='ocrx_word' id='word_1_205' title='bbox 550 2071 727 2144; x_wconf 81' lang='lat' dir='ltr'><em>propriasque</em></span> <span class='ocrx_word' id='word_1_206' title='bbox 748 2071 872 2125; x_wconf 77' lang='lat' dir='ltr'><em>ciuitates</em></span> <span class='ocrx_word' id='word_1_207' title='bbox 892 2068 1023 2124; x_wconf 80' lang='lat' dir='ltr'><em>habebant</em></span> <span class='ocrx_word' id='word_1_208' title='bbox 1044 2079 1071 2124; x_wconf 90' lang='lat' dir='ltr'><em>et</em></span> <span class='ocrx_word' id='word_1_209' title='bbox 1087 2077 1162 2125; x_wconf 81' lang='lat' dir='ltr'><em>erent</em></span> 
     </span>
     <span class='ocr_line' id='line_1_24' title="bbox 198 2150 1243 2228; baseline -0.002 -18"><span class='ocrx_word' id='word_1_210' title='bbox 198 2157 407 2228; x_wconf 82' lang='lat' dir='ltr'><em>peregrinorum</em></span> <span class='ocrx_word' id='word_1_211' title='bbox 423 2171 544 2210; x_wconf 85' lang='lat' dir='ltr'><em>numero.</em></span> <span class='ocrx_word' id='word_1_212' title='bbox 589 2150 640 2209; x_wconf 83' lang='lat'><em>80.</em></span> <span class='ocrx_word' id='word_1_213' title='bbox 666 2155 770 2210; x_wconf 81' lang='lat' dir='ltr'><em>Eadem</em></span> <span class='ocrx_word' id='word_1_214' title='bbox 786 2156 899 2210; x_wconf 86' lang='lat' dir='ltr'><em>ratione</em></span> <span class='ocrx_word' id='word_1_215' title='bbox 920 2171 952 2208; x_wconf 79' lang='lat' dir='ltr'><em>ex</em></span> <span class='ocrx_word' id='word_1_216' title='bbox 974 2157 1109 2210; x_wconf 79' lang='lat' dir='ltr'><em>contrario</em></span> <span class='ocrx_word' id='word_1_217' title='bbox 1130 2170 1162 2208; x_wconf 83' lang='lat' dir='ltr'><em>ex</em></span> <span class='ocrx_word' id='word_1_218' title='bbox 1242 2173 1243 2176; x_wconf 43' lang='lat'>¹</span> 
     </span>
     <span class='ocr_line' id='line_1_25' title="bbox 199 2237 1160 2312; baseline -0.003 -20"><span class='ocrx_word' id='word_1_219' title='bbox 199 2237 294 2294; x_wconf 79' lang='lat' dir='ltr'><em>Latino</em></span> <span class='ocrx_word' id='word_1_220' title='bbox 311 2248 338 2294; x_wconf 88' lang='lat' dir='ltr'><em>et</em></span> <span class='ocrx_word' id='word_1_221' title='bbox 359 2241 417 2294; x_wconf 85' lang='lat' dir='ltr'><em>ciue</em></span> <span class='ocrx_word' id='word_1_222' title='bbox 433 2237 557 2296; x_wconf 80' lang='lat' dir='ltr'><em>Romanu</em></span> <span class='ocrx_word' id='word_1_223' title='bbox 580 2243 629 2312; x_wconf 81' lang='lat' dir='ltr'><em>qui</em></span> <span class='ocrx_word' id='word_1_224' title='bbox 643 2243 783 2300; x_wconf 82' lang='lat' dir='ltr'><em>nuscitur,</em></span> <span class='ocrx_word' id='word_1_225' title='bbox 800 2239 866 2293; x_wconf 80' lang='lat' dir='ltr'><em>einis</em></span> <span class='ocrx_word' id='word_1_226' title='bbox 882 2237 1016 2293; x_wconf 81' lang='lat' dir='ltr'><em>Romanus</em></span> <span class='ocrx_word' id='word_1_227' title='bbox 1032 2238 1160 2292; x_wconf 81' lang='lat' dir='ltr'><em>nescitur.</em></span> 
     </span>
    </p>
   </div>
   <div class='ocr_carea' id='block_1_3' title="bbox 207 2369 397 2378">
    <p class='ocr_par' dir='ltr' id='par_1_5' title="bbox 207 2369 397 2378">
     <span class='ocr_line' id='line_1_26' title="bbox 207 2369 397 2378; baseline 0.016 -3"><span class='ocrx_word' id='word_1_228' title='bbox 207 2369 397 2378; x_wconf 41' lang='grc' dir='ltr'><em>..ὓ-...-</em></span> 
     </span>
    </p>
   </div>
   <div class='ocr_carea' id='block_1_4' title="bbox 198 2430 1164 3304">
    <p class='ocr_par' dir='ltr' id='par_1_6' title="bbox 198 2430 1164 3304">
     <span class='ocr_line' id='line_1_27' title="bbox 201 2430 1163 2499; baseline -0.003 -15"><span class='ocrx_word' id='word_1_229' title='bbox 201 2435 291 2495; x_wconf 77' lang='lat' dir='ltr'><em>Gtiseit.</em></span> <span class='ocrx_word' id='word_1_230' title='bbox 306 2441 332 2482; x_wconf 85' lang='lat' dir='ltr'><em>et</em></span> <span class='ocrx_word' id='word_1_231' title='bbox 342 2435 446 2484; x_wconf 79' lang='lat' dir='ltr'><em>Laetor.</em></span> <span class='ocrx_word' id='word_1_232' title='bbox 495 2434 527 2498; x_wconf 74' lang='grc'><em>86)</em></span> <span class='ocrx_word' id='word_1_233' title='bbox 546 2435 592 2484; x_wconf 83' lang='lat' dir='ltr'><em>Eu</em></span> <span class='ocrx_word' id='word_1_234' title='bbox 607 2436 746 2496; x_wconf 57' lang='lat' dir='ltr'><em>Gieekuj.</em></span> <span class='ocrx_word' id='word_1_235' title='bbox 761 2433 792 2497; x_wconf 67' lang='lat' dir='ltr'><em>fiij</em></span> <span class='ocrx_word' id='word_1_236' title='bbox 812 2433 1037 2499; x_wconf 73' lang='lat' dir='ltr'><em>(prolm)Sei1ed.&#39;</em></span> <span class='ocrx_word' id='word_1_237' title='bbox 1077 2430 1098 2494; x_wconf 78' lang='lat'><em>⁷)</em></span> <span class='ocrx_word' id='word_1_238' title='bbox 1117 2433 1163 2482; x_wconf 78' lang='lat' dir='ltr'><em>Au</em></span> 
     </span>
     <span class='ocr_line' id='line_1_28' title="bbox 198 2501 1164 2567; baseline 0 -17"><span class='ocrx_word' id='word_1_239' title='bbox 198 2516 297 2550; x_wconf 80' lang='lat' dir='ltr'><em>sensum</em></span> <span class='ocrx_word' id='word_1_240' title='bbox 308 2504 421 2556; x_wconf 80' lang='lat' dir='ltr'><em>restitui,</em></span> <span class='ocrx_word' id='word_1_241' title='bbox 440 2505 525 2563; x_wconf 78' lang='lat' dir='ltr'><em>parcito</em></span> <span class='ocrx_word' id='word_1_242' title='bbox 537 2505 613 2551; x_wconf 80' lang='lat' dir='ltr'><em>aliter</em></span> <span class='ocrx_word' id='word_1_243' title='bbox 625 2512 700 2567; x_wconf 83' lang='lat' dir='ltr'><em>utque</em></span> <span class='ocrx_word' id='word_1_244' title='bbox 715 2503 806 2554; x_wconf 73' lang='lat' dir='ltr'><em>Go&#39;eeit</em></span> <span class='ocrx_word' id='word_1_245' title='bbox 853 2501 874 2565; x_wconf 84' lang='grc'><em>8)</em></span> <span class='ocrx_word' id='word_1_246' title='bbox 888 2501 1025 2567; x_wconf 80' lang='lat' dir='ltr'><em>Sequentia</em></span> <span class='ocrx_word' id='word_1_247' title='bbox 1037 2515 1114 2563; x_wconf 81' lang='lat' dir='ltr'><em>usque</em></span> <span class='ocrx_word' id='word_1_248' title='bbox 1126 2502 1164 2550; x_wconf 82' lang='lat' dir='ltr'><em>ud</em></span> 
     </span>
     <span class='ocr_line' id='line_1_29' title="bbox 198 2568 1161 2630; baseline -0.001 -13"><span class='ocrx_word' id='word_1_249' title='bbox 198 2571 242 2618; x_wconf 85' lang='lat' dir='ltr'><em>iila</em></span> <span class='ocrx_word' id='word_1_250' title='bbox 267 2569 423 2616; x_wconf 77' lang='lat' dir='ltr'><em>‘condicioni</em></span> <span class='ocrx_word' id='word_1_251' title='bbox 448 2569 562 2617; x_wconf 83' lang='lat' dir='ltr'><em>accedit&#39;</em></span> <span class='ocrx_word' id='word_1_252' title='bbox 592 2585 627 2618; x_wconf 81' lang='lat' dir='ltr'><em>eu</em></span> <span class='ocrx_word' id='word_1_253' title='bbox 652 2569 743 2619; x_wconf 68' lang='lat' dir='ltr'><em>enen.</em></span> <span class='ocrx_word' id='word_1_254' title='bbox 768 2585 856 2618; x_wconf 75' lang='lat' dir='ltr'><em>senene</em></span> <span class='ocrx_word' id='word_1_255' title='bbox 884 2570 1042 2618; x_wconf 74' lang='lat' dir='ltr'><em>restitutione</em></span> <span class='ocrx_word' id='word_1_256' title='bbox 1065 2568 1161 2630; x_wconf 80' lang='lat' dir='ltr'><em>recepi.</em></span> 
     </span>
     <span class='ocr_line' id='line_1_30' title="bbox 199 2633 1162 2701; baseline -0.001 -18"><span class='ocrx_word' id='word_1_257' title='bbox 199 2634 220 2699; x_wconf 84' lang='lat'><em>⁹)</em></span> <span class='ocrx_word' id='word_1_258' title='bbox 235 2644 315 2699; x_wconf 83' lang='lat' dir='ltr'><em>pertus</em></span> <span class='ocrx_word' id='word_1_259' title='bbox 328 2634 356 2682; x_wconf 85' lang='lat'><em>0.</em></span> <span class='ocrx_word' id='word_1_260' title='bbox 370 2636 443 2688; x_wconf 68' lang='lat' dir='ltr'><em>edet:</em></span> <span class='ocrx_word' id='word_1_261' title='bbox 461 2637 577 2684; x_wconf 74' lang='lat' dir='ltr'><em>correxit</em></span> <span class='ocrx_word' id='word_1_262' title='bbox 592 2636 682 2684; x_wconf 73' lang='lat' dir='ltr'><em>etun</em></span> <span class='ocrx_word' id='word_1_263' title='bbox 697 2636 741 2694; x_wconf 78' lang='lat' dir='ltr'><em>(oe.</em></span> <span class='ocrx_word' id='word_1_264' title='bbox 760 2651 795 2685; x_wconf 83' lang='lat' dir='ltr'><em>ere</em></span> <span class='ocrx_word' id='word_1_265' title='bbox 813 2651 903 2699; x_wconf 78' lang='lat' dir='ltr'><em>peregi.</em></span> <span class='ocrx_word' id='word_1_266' title='bbox 915 2633 1030 2701; x_wconf 82' lang='lat' dir='ltr'><em>foetum).</em></span> <span class='ocrx_word' id='word_1_267' title='bbox 1060 2634 1094 2684; x_wconf 80' lang='lat' dir='ltr'><em>Ut</em></span> <span class='ocrx_word' id='word_1_268' title='bbox 1107 2650 1162 2683; x_wconf 85' lang='lat' dir='ltr'><em>euru</em></span> 
     </span>
     <span class='ocr_line' id='line_1_31' title="bbox 198 2699 1162 2768; baseline 0 -16"><span class='ocrx_word' id='word_1_269' title='bbox 198 2718 283 2752; x_wconf 86' lang='lat' dir='ltr'><em>uoeern</em></span> <span class='ocrx_word' id='word_1_270' title='bbox 297 2709 395 2756; x_wconf 80' lang='lat' dir='ltr'><em>terreae,</em></span> <span class='ocrx_word' id='word_1_271' title='bbox 408 2705 493 2764; x_wconf 74' lang='lat' dir='ltr'><em>poenis</em></span> <span class='ocrx_word' id='word_1_272' title='bbox 506 2710 620 2751; x_wconf 85' lang='lat' dir='ltr'><em>tentare:</em></span> <span class='ocrx_word' id='word_1_273' title='bbox 637 2704 719 2752; x_wconf 83' lang='lat' dir='ltr'><em>eadem</em></span> <span class='ocrx_word' id='word_1_274' title='bbox 737 2705 787 2763; x_wconf 78' lang='lat' dir='ltr'><em>lege</em></span> <span class='ocrx_word' id='word_1_275' title='bbox 799 2705 834 2752; x_wconf 85' lang='lat' dir='ltr'><em>id.</em></span> <span class='ocrx_word' id='word_1_276' title='bbox 849 2705 880 2752; x_wconf 79' lang='lat' dir='ltr'><em>rte</em></span> <span class='ocrx_word' id='word_1_277' title='bbox 893 2705 987 2768; x_wconf 81' lang='lat' dir='ltr'><em>nuptiis</em></span> <span class='ocrx_word' id='word_1_278' title='bbox 999 2699 1083 2765; x_wconf 73' lang='lat' dir='ltr'><em>etiuir)</em></span> <span class='ocrx_word' id='word_1_279' title='bbox 1097 2701 1162 2763; x_wconf 69' lang='lat' dir='ltr'><em>lito·</em></span> 
     </span>
     <span class='ocr_line' id='line_1_32' title="bbox 199 2765 1162 2833; baseline 0 -15"><span class='ocrx_word' id='word_1_280' title='bbox 199 2768 275 2830; x_wconf 80' lang='lat' dir='ltr'><em>ruunt)</em></span> <span class='ocrx_word' id='word_1_281' title='bbox 290 2771 376 2818; x_wconf 84' lang='lat' dir='ltr'><em>enuet&#39;</em></span> <span class='ocrx_word' id='word_1_282' title='bbox 394 2776 421 2817; x_wconf 88' lang='lat' dir='ltr'><em>ut</em></span> <span class='ocrx_word' id='word_1_283' title='bbox 439 2772 476 2817; x_wconf 88' lang='lat' dir='ltr'><em>sei</em></span> <span class='ocrx_word' id='word_1_284' title='bbox 493 2765 611 2830; x_wconf 76' lang='lat' dir='ltr'><em>(seilicet)</em></span> <span class='ocrx_word' id='word_1_285' title='bbox 628 2779 709 2833; x_wconf 79' lang='lat' dir='ltr'><em>partus</em></span> <span class='ocrx_word' id='word_1_286' title='bbox 726 2771 762 2818; x_wconf 87' lang='lat' dir='ltr'><em>ei’</em></span> <span class='ocrx_word' id='word_1_287' title='bbox 776 2772 801 2818; x_wconf 86' lang='lat' dir='ltr'><em>e&#39;</em></span> <span class='ocrx_word' id='word_1_288' title='bbox 815 2786 859 2833; x_wconf 79' lang='lat' dir='ltr'><em>qua</em></span> <span class='ocrx_word' id='word_1_289' title='bbox 877 2773 898 2819; x_wconf 91' lang='lat' dir='ltr'><em>ei</em></span> <span class='ocrx_word' id='word_1_290' title='bbox 916 2771 1043 2821; x_wconf 85' lang='lat' dir='ltr'><em>conubium</em></span> <span class='ocrx_word' id='word_1_291' title='bbox 1060 2785 1107 2818; x_wconf 89' lang='lat' dir='ltr'><em>non</em></span> <span class='ocrx_word' id='word_1_292' title='bbox 1124 2772 1162 2825; x_wconf 81' lang='lat' dir='ltr'><em>sit.</em></span> 
     </span>
     <span class='ocr_line' id='line_1_33' title="bbox 200 2833 1163 2902; baseline -0.001 -16"><span class='ocrx_word' id='word_1_293' title='bbox 200 2839 268 2886; x_wconf 83' lang='lat' dir='ltr'><em>matri</em></span> <span class='ocrx_word' id='word_1_294' title='bbox 282 2837 382 2886; x_wconf 76' lang='lat' dir='ltr'><em>recedat</em></span> <span class='ocrx_word' id='word_1_295' title='bbox 394 2837 419 2885; x_wconf 91' lang='lat' dir='ltr'><em>id</em></span> <span class='ocrx_word' id='word_1_296' title='bbox 432 2840 446 2886; x_wconf 75' lang='grc' dir='ltr'>ἑ</span> <span class='ocrx_word' id='word_1_297' title='bbox 459 2833 515 2902; x_wconf 84' lang='lat' dir='ltr'><em>(est)</em></span> <span class='ocrx_word' id='word_1_298' title='bbox 532 2845 555 2885; x_wconf 87' lang='lat' dir='ltr'><em>ut</em></span> <span class='ocrx_word' id='word_1_299' title='bbox 568 2841 706 2900; x_wconf 83' lang='lat' dir='ltr'><em>peregrinus</em></span> <span class='ocrx_word' id='word_1_300' title='bbox 718 2844 766 2886; x_wconf 87' lang='lat' dir='ltr'><em>ete.</em></span> <span class='ocrx_word' id='word_1_301' title='bbox 796 2837 951 2886; x_wconf 79' lang='lat' dir='ltr'><em>Vet:.eadem</em></span> <span class='ocrx_word' id='word_1_302' title='bbox 963 2840 1013 2898; x_wconf 83' lang='lat' dir='ltr'><em>iege</em></span> <span class='ocrx_word' id='word_1_303' title='bbox 1026 2837 1163 2900; x_wconf 85' lang='lat' dir='ltr'><em>euuet(ur),</em></span> 
     </span>
     <span class='ocr_line' id='line_1_34' title="bbox 200 2902 1162 2968; baseline 0 -16"><span class='ocrx_word' id='word_1_304' title='bbox 200 2912 228 2952; x_wconf 90' lang='lat' dir='ltr'><em>ut</em></span> <span class='ocrx_word' id='word_1_305' title='bbox 238 2907 261 2952; x_wconf 81' lang='lat' dir='ltr'><em>ei</em></span> <span class='ocrx_word' id='word_1_306' title='bbox 273 2903 345 2964; x_wconf 76' lang='lat' dir='ltr'><em>etiui)</em></span> <span class='ocrx_word' id='word_1_307' title='bbox 360 2903 498 2967; x_wconf 61' lang='lat' dir='ltr'><em>Montano)</em></span> <span class='ocrx_word' id='word_1_308' title='bbox 516 2902 621 2967; x_wconf 71' lang='lat' dir='ltr'><em>edittae)</em></span> <span class='ocrx_word' id='word_1_309' title='bbox 641 2920 676 2953; x_wconf 76' lang='lat' dir='ltr'><em>eu</em></span> <span class='ocrx_word' id='word_1_310' title='bbox 692 2919 775 2954; x_wconf 76' lang='lat' dir='ltr'><em>tinore</em></span> <span class='ocrx_word' id='word_1_311' title='bbox 794 2907 826 2953; x_wconf 89' lang='lat' dir='ltr'><em>sit</em></span> <span class='ocrx_word' id='word_1_312' title='bbox 842 2913 922 2967; x_wconf 82' lang='lat' dir='ltr'><em>partus</em></span> <span class='ocrx_word' id='word_1_313' title='bbox 939 2905 1028 2968; x_wconf 72' lang='lat' dir='ltr'><em>tutique</em></span> <span class='ocrx_word' id='word_1_314' title='bbox 1048 2911 1071 2952; x_wconf 90' lang='lat' dir='ltr'><em>et</em></span> <span class='ocrx_word' id='word_1_315' title='bbox 1090 2920 1162 2952; x_wconf 88' lang='lat' dir='ltr'>conu-</span> 
     </span>
     <span class='ocr_line' id='line_1_35' title="bbox 199 2968 1164 3034; baseline 0 -14"><span class='ocrx_word' id='word_1_316' title='bbox 199 2973 264 3020; x_wconf 83' lang='lat' dir='ltr'><em>bium</em></span> <span class='ocrx_word' id='word_1_317' title='bbox 278 2987 323 3021; x_wconf 86' lang='lat' dir='ltr'><em>non</em></span> <span class='ocrx_word' id='word_1_318' title='bbox 337 2973 381 3031; x_wconf 85' lang='lat' dir='ltr'><em>sit,</em></span> <span class='ocrx_word' id='word_1_319' title='bbox 395 2975 471 3020; x_wconf 84' lang='lat' dir='ltr'><em>matri</em></span> <span class='ocrx_word' id='word_1_320' title='bbox 483 2973 597 3031; x_wconf 80' lang='lat' dir='ltr'><em>accedat,</em></span> <span class='ocrx_word' id='word_1_321' title='bbox 611 2973 640 3021; x_wconf 84' lang='lat' dir='ltr'><em>id</em></span> <span class='ocrx_word' id='word_1_322' title='bbox 652 2968 721 3034; x_wconf 82' lang='lat' dir='ltr'><em>e(st)‚</em></span> <span class='ocrx_word' id='word_1_323' title='bbox 736 2979 760 3020; x_wconf 90' lang='lat' dir='ltr'><em>ut</em></span> <span class='ocrx_word' id='word_1_324' title='bbox 773 2978 821 3022; x_wconf 88' lang='lat' dir='ltr'><em>ete.</em></span> <span class='ocrx_word' id='word_1_325' title='bbox 850 2971 903 3021; x_wconf 80' lang='lat' dir='ltr'><em>Sed</em></span> <span class='ocrx_word' id='word_1_326' title='bbox 914 2981 940 3020; x_wconf 86' lang='lat' dir='ltr'><em>et</em></span> <span class='ocrx_word' id='word_1_327' title='bbox 951 2973 1014 3021; x_wconf 78' lang='lat' dir='ltr'><em>truee</em></span> <span class='ocrx_word' id='word_1_328' title='bbox 1026 2974 1164 3020; x_wconf 78' lang='lat' dir='ltr'><em>eorrectio-</em></span> 
     </span>
     <span class='ocr_line' id='line_1_36' title="bbox 200 3039 1164 3100; baseline -0.003 -13"><span class='ocrx_word' id='word_1_329' title='bbox 200 3053 254 3087; x_wconf 86' lang='lat' dir='ltr'><em>uem</em></span> <span class='ocrx_word' id='word_1_330' title='bbox 267 3039 416 3087; x_wconf 83' lang='lat' dir='ltr'><em>deriderunt</em></span> <span class='ocrx_word' id='word_1_331' title='bbox 429 3047 454 3088; x_wconf 88' lang='lat' dir='ltr'><em>et</em></span> <span class='ocrx_word' id='word_1_332' title='bbox 462 3043 540 3089; x_wconf 81' lang='lat' dir='ltr'><em>minue</em></span> <span class='ocrx_word' id='word_1_333' title='bbox 553 3042 680 3089; x_wconf 80' lang='lat' dir='ltr'><em>commoda</em></span> <span class='ocrx_word' id='word_1_334' title='bbox 692 3046 759 3100; x_wconf 80' lang='lat' dir='ltr'><em>eunt,</em></span> <span class='ocrx_word' id='word_1_335' title='bbox 772 3054 818 3088; x_wconf 88' lang='lat' dir='ltr'><em>nee</em></span> <span class='ocrx_word' id='word_1_336' title='bbox 833 3039 909 3088; x_wconf 81' lang='lat' dir='ltr'><em>Guiue</em></span> <span class='ocrx_word' id='word_1_337' title='bbox 921 3043 946 3088; x_wconf 91' lang='lat' dir='ltr'><em>in</em></span> <span class='ocrx_word' id='word_1_338' title='bbox 959 3040 1006 3087; x_wconf 82' lang='lat' dir='ltr'><em>iae</em></span> <span class='ocrx_word' id='word_1_339' title='bbox 1018 3040 1125 3086; x_wconf 81' lang='lat' dir='ltr'><em>materia</em></span> <span class='ocrx_word' id='word_1_340' title='bbox 1137 3045 1164 3085; x_wconf 87' lang='lat' dir='ltr'><em>ut</em></span> 
     </span>
     <span class='ocr_line' id='line_1_37' title="bbox 201 3103 1162 3172; baseline -0.002 -19"><span class='ocrx_word' id='word_1_341' title='bbox 201 3105 333 3168; x_wconf 61' lang='lat' dir='ltr'><em>minianen,</em></span> <span class='ocrx_word' id='word_1_342' title='bbox 347 3117 437 3168; x_wconf 84' lang='lat' dir='ltr'><em>partus</em></span> <span class='ocrx_word' id='word_1_343' title='bbox 449 3122 532 3159; x_wconf 85' lang='lat' dir='ltr'><em>voeern</em></span> <span class='ocrx_word' id='word_1_344' title='bbox 542 3123 652 3172; x_wconf 23' lang='lat' dir='ltr'><em>&#39;unquam</em></span> <span class='ocrx_word' id='word_1_345' title='bbox 664 3107 784 3156; x_wconf 78' lang='lat' dir='ltr'><em>adhibuit.</em></span> <span class='ocrx_word' id='word_1_346' title='bbox 831 3105 863 3166; x_wconf 76' lang='lat'><em>⁹⁰)</em></span> <span class='ocrx_word' id='word_1_347' title='bbox 882 3106 928 3155; x_wconf 79' lang='lat' dir='ltr'><em>Ere</em></span> <span class='ocrx_word' id='word_1_348' title='bbox 942 3106 1033 3155; x_wconf 72' lang='lat' dir='ltr'><em>Griselt.</em></span> <span class='ocrx_word' id='word_1_349' title='bbox 1046 3106 1081 3166; x_wconf 82' lang='lat' dir='ltr'><em>ej.</em></span> <span class='ocrx_word' id='word_1_350' title='bbox 1100 3113 1122 3152; x_wconf 89' lang='lat' dir='ltr'><em>et</em></span> <span class='ocrx_word' id='word_1_351' title='bbox 1134 3103 1162 3152; x_wconf 79' lang='lat'><em>0.</em></span> 
     </span>
     <span class='ocr_line' id='line_1_38' title="bbox 200 3170 1162 3237; baseline -0.004 -15"><span class='ocrx_word' id='word_1_352' title='bbox 200 3173 258 3223; x_wconf 82' lang='lat' dir='ltr'><em>edd.</em></span> <span class='ocrx_word' id='word_1_353' title='bbox 295 3170 316 3233; x_wconf 72' lang='lat'><em>¹)</em></span> <span class='ocrx_word' id='word_1_354' title='bbox 329 3172 469 3237; x_wconf 80' lang='lat' dir='ltr'><em>Sequentes</em></span> <span class='ocrx_word' id='word_1_355' title='bbox 481 3177 585 3224; x_wconf 78' lang='lat' dir='ltr'><em>lacunas</em></span> <span class='ocrx_word' id='word_1_356' title='bbox 597 3189 632 3223; x_wconf 85' lang='lat' dir='ltr'><em>ere</em></span> <span class='ocrx_word' id='word_1_357' title='bbox 644 3190 698 3223; x_wconf 82' lang='lat' dir='ltr'><em>urea</em></span> <span class='ocrx_word' id='word_1_358' title='bbox 710 3175 868 3222; x_wconf 75' lang='lat' dir='ltr'><em>restitutione</em></span> <span class='ocrx_word' id='word_1_359' title='bbox 881 3175 985 3236; x_wconf 80' lang='lat' dir='ltr'><em>reptent.</em></span> <span class='ocrx_word' id='word_1_360' title='bbox 1021 3171 1043 3234; x_wconf 81' lang='lat'><em>²)</em></span> <span class='ocrx_word' id='word_1_361' title='bbox 1057 3171 1162 3220; x_wconf 84' lang='lat' dir='ltr'><em>Senten-</em></span> 
     </span>
     <span class='ocr_line' id='line_1_39' title="bbox 200 3239 960 3304; baseline 0.005 -16"><span class='ocrx_word' id='word_1_362' title='bbox 200 3243 259 3300; x_wconf 83' lang='lat' dir='ltr'><em>tium</em></span> <span class='ocrx_word' id='word_1_363' title='bbox 271 3242 378 3291; x_wconf 74' lang='lat' dir='ltr'><em>restitui.</em></span> <span class='ocrx_word' id='word_1_364' title='bbox 398 3239 462 3291; x_wconf 84' lang='lat' dir='ltr'><em>Suut</em></span> <span class='ocrx_word' id='word_1_365' title='bbox 473 3243 530 3304; x_wconf 78' lang='lat' dir='ltr'><em>fere</em></span> <span class='ocrx_word' id='word_1_366' title='bbox 544 3250 596 3291; x_wconf 77' lang='lat' dir='ltr'><em>tres</em></span> <span class='ocrx_word' id='word_1_367' title='bbox 608 3257 703 3291; x_wconf 74' lang='lat' dir='ltr'><em>uersus.</em></span> <span class='ocrx_word' id='word_1_368' title='bbox 723 3242 778 3290; x_wconf 83' lang='lat' dir='ltr'><em>Atii</em></span> <span class='ocrx_word' id='word_1_369' title='bbox 786 3245 863 3304; x_wconf 81' lang='lat' dir='ltr'><em>punto</em></span> <span class='ocrx_word' id='word_1_370' title='bbox 877 3243 960 3292; x_wconf 83' lang='lat' dir='ltr'><em>utiter.</em></span> 
     </span>
    </p>
   </div>
   <div class='ocr_carea' id='block_1_5' title="bbox 200 3359 401 3371">
    <p class='ocr_par' dir='ltr' id='par_1_7' title="bbox 200 3359 401 3371">
     <span class='ocr_line' id='line_1_40' title="bbox 200 3359 401 3371; baseline 0 -1"><span class='ocrx_word' id='word_1_371' title='bbox 200 3359 401 3371; x_wconf 56' lang='lat' dir='ltr'><em>m</em></span> 
     </span>
    </p>
   </div>
   <div class='ocr_carea' id='block_1_6' title="bbox 199 3424 998 3492">
    <p class='ocr_par' dir='ltr' id='par_1_8' title="bbox 199 3424 998 3492">
     <span class='ocr_line' id='line_1_41' title="bbox 199 3424 998 3492; baseline -0.004 -14"><span class='ocrx_word' id='word_1_372' title='bbox 199 3425 224 3492; x_wconf 63' lang='grc' dir='ltr'><em>ἓ.</em></span> <span class='ocrx_word' id='word_1_373' title='bbox 243 3430 283 3479; x_wconf 80' lang='grc'><em>78.</em></span> <span class='ocrx_word' id='word_1_374' title='bbox 303 3429 344 3492; x_wconf 81' lang='lat' dir='ltr'><em>Cf.</em></span> <span class='ocrx_word' id='word_1_375' title='bbox 360 3428 418 3491; x_wconf 79' lang='lat' dir='ltr'><em>Uip.</em></span> <span class='ocrx_word' id='word_1_376' title='bbox 432 3439 450 3487; x_wconf 83' lang='lat'><em>5,</em></span> <span class='ocrx_word' id='word_1_377' title='bbox 464 3437 483 3478; x_wconf 79' lang='lat' dir='ltr'><em>e.</em></span> <span class='ocrx_word' id='word_1_378' title='bbox 553 3424 578 3492; x_wconf 79' lang='lat'><em>§.</em></span> <span class='ocrx_word' id='word_1_379' title='bbox 594 3429 635 3476; x_wconf 80' lang='lat' dir='ltr'><em>te.</em></span> <span class='ocrx_word' id='word_1_380' title='bbox 656 3427 696 3487; x_wconf 79' lang='lat' dir='ltr'><em>Of.</em></span> <span class='ocrx_word' id='word_1_381' title='bbox 712 3425 761 3488; x_wconf 67' lang='grc'><em>33.</em></span> <span class='ocrx_word' id='word_1_382' title='bbox 774 3434 807 3473; x_wconf 77' lang='lat' dir='ltr'><em>eo.</em></span> <span class='ocrx_word' id='word_1_383' title='bbox 821 3435 852 3472; x_wconf 78' lang='lat'><em>22.</em></span> <span class='ocrx_word' id='word_1_384' title='bbox 875 3425 932 3486; x_wconf 80' lang='lat' dir='ltr'><em>(Jtp.</em></span> <span class='ocrx_word' id='word_1_385' title='bbox 946 3433 965 3480; x_wconf 79' lang='lat' dir='ltr'><em>r,</em></span> <span class='ocrx_word' id='word_1_386' title='bbox 978 3432 998 3474; x_wconf 83' lang='lat'><em>3.</em></span> 
     </span>
    </p>
   </div>
   <div class='ocr_carea' id='block_1_7' title="bbox 0 0 1326 3966">
    <p class='ocr_par' dir='ltr' id='par_1_9' title="bbox 0 0 1326 3966">
     <span class='ocr_line' id='line_1_42' title="bbox 0 0 1326 3966; baseline 0 0"><span class='ocrx_word' id='word_1_387' title='bbox 0 0 1326 3966; x_wconf 95' lang='lat' dir='ltr'><em> </em></span> 
     </span>
    </p>
   </div>
  </div>
 </body>
</html>
