2634 3960
358 219 472 252 nourrii
491 221 609 254 veriani
624 203 657 271 (t)
677 223 712 256 nn
733 224 815 259 enno.
836 227 919 261 coen,
1074 219 1120 264 531

152 359 260 414 sororis
283 357 415 432 abnepos,
438 359 573 435 abneptis;
601 361 762 436 abpatruus,
785 366 910 429 abamita,
934 367 1024 423 idest
1046 369 1121 425 abani
1168 433 1169 436 Ἴ

153 442 240 497 trater
255 449 282 497 et
298 459 393 508 soror,
409 443 654 516 'iabnnuncutna
672 456 865 520 matertera,
890 455 921 506 id
935 459 977 508 est
997 455 1121 510 obauiee

150 527 253 598 frater
277 535 305 584 et
327 523 456 602 soror);³
484 531 549 587 item
576 529 733 588 consobrini
758 551 843 607 nepos
870 537 1030 610 neptisque;
1057 540 1121 594 item

152 613 309 686 propatrui,
326 614 487 685 proamitae,
510 617 702 687 proanunculi,
724 626 937 690 promaterterae
953 619 1016 683 filit:
1037 619 1119 682 iiliae;

151 698 218 752 item
233 695 506 761 sobrinifsobrinae,
529 699 556 754 id
573 706 614 756 est
631 703 676 773 qui
694 718 796 774 quaeue
812 719 844 758 en
860 702 966 760 duobus
982 703 1120 762 consobri-

153 782 196 836 nis
212 787 387 858 generantur.

538 899 731 908 *-

221 1029 391 1095 Argumento
403 1030 498 1079 vicina
511 1038 575 1081 sunt
592 1037 739 1099 stemmata
758 1036 937 1097 agnationum
955 1033 1000 1084 vel
1019 1049 1120 1099 cogna-

153 1098 261 1164 tionpm
275 1099 304 1145 in
328 1097 422 1146 multis
444 1100 572 1162 variique
595 1101 751 1164 argumenti
775 1100 917 1150 codicibus
941 1117 1004 1150 mss.
1024 1118 1119 1152 occur·

153 1167 254 1226 nentia,
275 1165 308 1214 de
327 1165 426 1229 quibus
445 1165 581 1215 videndus
601 1171 644 1223 est
656 1167 795 1216 Schrader
813 1169 849 1216 ad
867 1169 958 1217 Instit.
977 1173 1001 1227 3,
1016 1171 1040 1220 6.
1054 1170 1081 1232 3.
1095 1173 1118 1221 9.

152 1249 179 1296 p.
191 1234 251 1285 toi.
271 1236 299 1280 et
317 1233 364 1296 qui
382 1247 431 1282 sex
450 1232 552 1283 formas
571 1238 672 1298 partim
690 1233 791 1285 novas¹
811 1236 840 1284 in
859 1235 937 1284 codd.
956 1235 1029 1300 legia
1042 1237 1120 1288 Rom.

154 1299 362 1362 visigothorum
381 1304 506 1364 repertas
526 1301 620 1359 edidit,
641 1302 719 1352 Gust.
732 1302 849 1351 Haenei.
870 1303 898 1350 in
918 1302 959 1351 ed.
974 1303 1028 1366 leg.
1041 1303 1118 1355 Rom.

152 1367 291 1431 Visigoth.
309 1367 398 1431 praef,
417 1383 444 1431 p.
462 1367 560 1417 XXIV.
580 1369 759 1418 LXXXVIII.
795 1369 837 1418 Ex
861 1370 905 1418 his
928 1371 1120 1419 stemmatibus

156 1450 210 1484 non
229 1449 320 1499 panca
340 1451 373 1484 ex
391 1435 470 1483 libris
483 1436 600 1484 Romani
618 1437 687 1486 iuris
704 1441 848 1501 protracta
862 1452 922 1486 esse
941 1438 995 1486 iam
1008 1437 1119 1486 Heene-

153 1501 207 1552 lius
225 1507 299 1552 recte
318 1501 463 1554 iudicavit.
500 1502 554 1551 Sed
574 1519 667 1553 eorum
686 1519 791 1568 quoquc
810 1520 875 1569 pare
898 1505 938 1552 ita
957 1510 1121 1568 comparata

155 1577 210 1630 est,
229 1577 259 1618 ut
278 1569 312 1620 ab
331 1570 398 1633 ipsis
417 1569 506 1632 lctis,
527 1571 625 1634 quide
645 1573 775 1636 gradibus
799 1573 981 1634 scripserunt,
1007 1587 1040 1620 ea
1058 1586 1119 1634 pro-

154 1638 231 1688 iecta
250 1653 311 1688 esse
330 1637 457 1688 dubitare
481 1637 580 1698 liceat,
604 1653 669 1702 pars
692 1644 748 1686 tam
771 1653 871 1686 manca
895 1638 940 1686 vel
964 1638 1119 1688 deformata

158 1703 193 1753 ad
211 1719 259 1754 nos
278 1707 412 1770 pervenit,
432 1709 462 1753 ut
482 1704 599 1753 difficile
618 1707 655 1754 sit
673 1704 706 1754 de
725 1707 760 1753 iis
778 1704 910 1757 iudicare.
945 1705 1008 1754 Duo
1027 1711 1120 1754 tamen

155 1773 278 1835 excipio,
299 1787 414 1836 cumque
433 1778 527 1821 cetera
546 1786 666 1835 qnoque,
685 1773 709 1821 si
728 1767 805 1821 ouius
824 1772 949 1831 intersit,
969 1773 1023 1821 iam
1043 1773 1120 1819 aditu

154 1855 208 1889 non
227 1838 354 1888 difficilia
373 1840 438 1900 sint,
457 1839 657 1904 ἴῃς-ΜΨ
668 1839 770 1908 recepi.
802 1839 891 1902 Prius,
912 1839 984 1901 quod
997 1839 1023 1889 J.
1040 1838 1123 1886 Cuia·

155 1909 214 1955 cius
233 1909 261 1955 in
280 1906 369 1954 fronte
394 1905 561 1970 exemplaris
580 1893 766 1954 Theodosiadi
785 1904 896 1955 Codicis
915 1919 964 1954 ms.
983 1910 1122 1970 repertum

155 1973 221 2022 Obs.
235 1975 259 2033 6,
273 1976 314 2022 40.
335 1973 437 2036 primus
455 1972 559 2036 publici
578 1973 644 2021 iuris
664 1973 732 2021 iecit
750 1973 819 2021 etin
834 1972 1005 2036 quibusdam,
1025 1987 1121 2036 parum

154 2045 248 2088 tamen
267 2038 428 2100 illustravit,
447 2039 547 2087 deindo
560 2039 748 2104 Boeckingius
767 2057 792 2102 p.
807 2041 863 2088 171.
884 2054 959 2103 corp.
978 2040 1029 2088 iun.
1045 2044 1121 2088 ante·
1193 2077 1195 2081 .
1262 2065 1265 2070 ι

153 2109 220 2156 inst.
235 2110 263 2154 et
275 2105 426 2154 Haenelius
439 2106 457 2153 l.
470 2121 493 2154 c.
508 2107 705 2168 repetiverunt,
719 2108 781 2170 ipsa
793 2106 976 2168 inscriptione
989 2110 1121 2168 testante,

154 2176 198 2224 ius
225 2173 412 2238 legitimarum
435 2172 630 2221 hereditatium
659 2174 803 2234 antiquum
827 2173 964 2233 illustrat,
988 2188 1040 2236 quo
1068 2188 1122 2221 non

155 2241 329 2292 exstantibus
353 2240 410 2288 suis
433 2238 580 2288 heredibus
608 2241 667 2288 sive
694 2239 826 2288 masculis
853 2241 912 2288 sivo
940 2240 1066 2302 feminis,
1093 2241 1122 2288 in

156 2311 255 2372 quibus
283 2305 361 2356 nulia
391 2307 493 2370 gradus
521 2308 592 2354 ratio
620 2305 750 2367 habetur,
780 2308 879 2370 quique
907 2306 1000 2370 plures
1028 2306 1138 2372 eodem·

155 2377 243 2440 gradu
261 2376 334 2424 inter
351 2389 380 2422 se
401 2375 484 2421 etiam
505 2373 706 2437 consanguinei
729 2377 805 2433 sunt,
826 2375 936 2438 agnatis
955 2374 1042 2438 gradu
1060 2390 1121 2438 pro-

154 2444 246 2503 ximis,
265 2441 314 2491 sed
328 2439 458 2490 masculis
471 2438 617 2501 duntaxat,
629 2439 770 2489 hereditas
783 2440 915 2492 defertur.
939 2441 1000 2500 Qua
1012 2443 1120 2492 ratione

155 2511 184 2558 in
202 2510 256 2558 hac
275 2510 363 2558 torma
385 2507 493 2556 domum
511 2503 541 2570 (i.
562 2522 585 2556 e.
604 2507 749 2561 familiam)
770 2507 921 2572 attingente
945 2510 987 2557 sui
1005 2509 1121 2558 heredes

155 2577 213 2626 sive
233 2574 459 2624 descendentium
479 2575 580 2637 stirpes
604 2579 632 2623 et
656 2576 752 2638 agnati
775 2579 909 2638 tanquam
931 2575 1002 2626 duae
1026 2576 1120 2626 domus

156 2643 392 2706 contignationes,
412 2642 527 2690 inferior
550 2646 578 2690 et
596 2644 734 2706 superior,
758 2647 937 2706 separantur,
962 2645 1004 2692 ite
1028 2648 1121 2692 tamen

155 2809 176 2876 ³)
198 2811 273 2860 Haec
290 2811 419 2860 excidisse
437 2825 487 2860 non
505 2812 585 2860 minus
604 2813 630 2860 in
648 2812 737 2873 aprico
757 2817 803 2872 est,
824 2826 897 2874 piram
909 2826 954 2857 ror
967 2811 1121 2860 exciderint.

155 2879 236 2931 Godd.
257 2880 326 2944 qnod
347 2878 387 2926 bic
405 2878 541 2933 adiiciunt.
561 2879 685 2941 neptisquc
703 2879 897 2940 eccpunpendnm
919 2883 992 2931 erat·
1014 2875 1120 2925 aberra-

154 2954 228 2998 verat
245 2947 364 2996 iibrnrins
381 2947 418 2995 nd
432 2948 560 3009 sequentis
573 2945 803 3008 comprehensionis
815 2943 914 2992 verbnm
928 2945 1007 3004 finale
1020 2949 1045 2992 et
1057 2958 1121 2992 eom·

154 3021 230 3078 perte
248 3029 338 3064 errore
354 3009 493 3077 perperene
510 3015 633 3076 seriptum
650 3014 772 3061 inducere
790 3012 952 3074 supersedit:
973 3010 1043 3060 band
1058 3025 1119 3060 vero

157 3097 191 3130 esc
209 3081 305 3133 Beeele.
326 3083 360 3143 ej.
378 3088 438 3130 onte
456 3080 503 3130 boc
521 3080 620 3129 nerium
643 3081 810 3143 supplendum
830 3079 911 3128 iratris
929 3085 951 3126 et
969 3081 1059 3127 sororis
1077 3094 1120 3142 pa·.

156 3149 246 3206 trustis,
266 3149 289 3196 id
309 3159 343 3196 est
361 3150 452 3198 amitini
471 3149 612 3198 amitinaeue
631 3162 712 3210 nepos.
751 3146 790 3208 Cf.
810 3144 838 3208 3.
852 3155 887 3203 7.,
906 3145 948 3194 ubi
966 3145 1045 3194 ICtus
1062 3145 1122 3192 item

155 3217 272 3280 generati
289 3217 332 3264 ido
350 3229 425 3264 sense
446 3213 483 3276 (3.
498 3215 530 3276 6.)
549 3214 696 3264 consobrini
712 3229 771 3263 noce
790 3229 848 3262 usus
866 3219 913 3262 est.

227 3279 246 3344 1)
265 3281 383 3331 inuenies
405 3297 449 3330 eos
471 3283 507 3330 od
527 3284 621 3331 enicem
643 3282 683 3329 ed.
708 3283 770 3342 lepis
787 3280 857 3330 Rom.
873 3278 1006 3340 Visipotb.
1043 3277 1121 3335 chnm

158 3357 241 3398 tomen
260 3356 350 3413 quarto
369 3350 424 3398 Ioco
439 3355 549 3412 positam
565 3351 661 3412 primns
680 3349 791 3396 edidisse
808 3348 857 3395 sibi
874 3351 941 3396 nisus
959 3351 999 3394 est
1015 3345 1054 3392 nir
1071 3358 1120 3392 rne-

157 3418 305 3473 ritissirnns,
329 3417 433 3466 eandem
454 3417 514 3464 ticet
532 3418 583 3466 atio
606 3429 641 3464 ecc
656 3416 730 3478 sonte
752 3417 801 3462 iana
822 3416 967 3476 autpaeerat
987 3410 1119 3474 Spanpen-

158 3485 259 3546 bergine
276 3484 303 3532 in
319 3483 407 3546 fronte
426 3482 465 3534 ed.
486 3497 557 3546 corp.
577 3484 626 3531 iar·
645 3483 691 3530 cin.
713 3481 821 3544 Gottinp.
845 3480 912 3532 I'om.
932 3479 958 3528 1.

852 3562 916 3623 34*

560 3779 565 3793 Ι
