2588 3954
211 147 243 194 lo
518 159 546 194 u.
564 157 661 194 rvurvs
680 157 870 194 oraecnauvs.

209 309 274 356 runt
289 300 386 362 inisse,
404 307 433 354 ut
458 309 521 354 tunc
536 299 645 354 Albanis
661 307 732 361 erat,
756 299 825 354 unde
847 301 900 355 orti
916 298 1036 354 Romani.
1057 329 1093 340 -
1111 299 1178 354 Cen·

118 431 121 438 .
210 385 294 440 sorio.
313 385 362 440 20.

274 467 302 524 8.
324 468 422 524 Postea
437 469 496 522 siue
512 485 526 522 a
540 467 640 531 Numa,
661 475 692 522 ut
707 469 743 522 ait
758 466 882 530 Fuluius,
905 469 977 530 siue,
995 475 1024 523 ut
1039 467 1144 530 lunius,
1161 484 1178 522 a

210 553 354 626 Tarquinio
371 551 513 608 duodecim
529 551 591 608 iacti
606 560 671 606 sunt
686 569 791 607 menses
808 560 835 608 et
851 552 907 608 dies
923 550 1034 615 CCCLV,
1053 553 1176 625 quamuis

209 638 274 694 luna
293 637 435 692 duodecim
455 639 511 692 suis
533 635 669 692 mensibus
686 635 813 692 CCGLllll
834 637 890 692 dics
912 637 1035 692 uideatur
1056 637 1175 710 explere.

212 753 250 762 -
268 721 407 776 Censorio.
426 721 475 779 20.
759 775 761 780 .

273 803 302 863 9.
323 806 416 862 lunius
444 805 568 861 Seruium
595 805 711 860 Tullium
742 821 835 878 regern
861 807 978 879 primum
1003 805 1178 862 intercalasse

209 898 411 946 commemorat.
432 919 468 930 -
485 888 600 945 Macrob.
619 890 674 945 Sat.
694 891 720 950 l,
739 890 788 946 13.
805 891 832 960 ὃ.
851 889 900 948 20.

274 974 322 1032 1⁰.
343 975 511 1030 Praefectum
538 973 597 1030 urbi
623 973 777 1042 latinarum
798 992 877 1030 causa
903 975 1027 1030 relictum
1053 983 1178 1029 senatum
1261 1003 1262 1006 ¹

211 1059 308 1118 habere
323 1076 404 1133 posse
420 1053 530 1114 lunius⁴
551 1067 646 1132 negat,
669 1061 795 1132 quoniam
816 1077 850 1114 ne
870 1066 981 1115 senator
1003 1059 1111 1132 quidem
1133 1060 1178 1120 sit,

211 1160 299 1217 neque
315 1145 355 1198 ius
372 1143 468 1199 habeat
482 1142 789 1205 sententiae-dicendae,
806 1161 890 1216 quum
906 1161 937 1199 ex
953 1161 984 1199 ea
1000 1150 1086 1198 aetate
1102 1159 1179 1216 prae-
1266 1158 1267 1167 ’

212 1229 298 1284 l'ectus
314 1227 368 1290 liat,
386 1245 454 1301 quac
469 1244 524 1283 non
539 1229 575 1282 sit
589 1229 735 1283 senatoria,
756 1258 792 1267 -
810 1228 877 1284 Gell.
897 1228 945 1290 14,
962 1227 990 1285 8.
1009 1229 1036 1299 S.
1056 1230 1083 1282 1.

278 1309 316 1368 11.
338 1312 446 1368 Publica
461 1313 582 1386 pondera
598 1320 624 1368 et
639 1316 668 1368 in
684 1316 826 1368 mensuris
842 1315 997 1369 obseruata
1010 1319 1085 1368 sunt.
1103 1329 1135 1366 er
1148 1328 1179 1366 ea
1267 1354 1269 1357 .

210 1414 290 1453 cansa
304 1397 396 1451 lunius
416 1399 609 1470 inplebiscito
626 1404 741 1452 coctum
758 1413 820 1452 esse
836 1403 890 1460 ait,
914 1397 986 1470 quod
1002 1396 1056 1451 duo
1073 1396 1131 1450 Silii
1147 1395 1177 1450 P.

211 1489 238 1536 et
253 1481 287 1536 ll.
306 1481 366 1536 trib.
383 1480 454 1555 pleb.
472 1483 604 1554 rogarint,
621 1483 661 1536 bis
677 1479 782 1536 uerbis:
809 1481 857 1536 ‘Ex
872 1480 1037 1554 ponderibus
1053 1479 1179 1553 publicis,

211 1565 309 1638 quibus
326 1567 373 1621 hac
389 1573 548 1639 tempestate
564 1566 681 1639 populus
698 1568 784 1621 oetier
796 1566 802 1584 ’
813 1560 912 1644 [qui]5
927 1566 1007 1628 solet,
1025 1566 1180 1620 nti’coere·
1276 1597 1277 1600 =

212 1644 522 1723 m1·lsedolon(oto),
544 1652 583 1704 uti
605 1650 760 1722 quadrantal
777 1651 832 1705 uitri
848 1652 987 1724 octoginta
1007 1649 1100 1725 pondo
1117 1650 1179 1710 siet,

211 1737 325 1808 congius
348 1737 403 1790 uini
424 1735 516 1790 decern
538 1733 651 1807 p(ondo)
680 1735 744 1796 siet,
772 1740 820 1790 sex
845 1737 954 1790 sextarii
981 1736 1097 1808 congius
1125 1737 1180 1789 siet

183 1883 185 1888 ,
211 1821 285 1882 nini,
307 1820 595 1892 duodequinquaginta
615 1821 713 1874 sextari
735 1818 892 1891 quadrantal
912 1821 964 1875 siet
979 1821 1044 1881 uini,
1075 1819 1180 1873 'sexta-

131 1934 133 1938 ·
210 1905 266 1958 rius
288 1921 388 1977 aequus
410 1921 496 1976 aequo
518 1920 578 1957 cum
593 1903 702 1959 librario
724 1896 807 1966 siet‚⁷
834 1905 1023 1977 sexdecimque
1039 1895 1180 1958 'librarii⁸

211 1991 238 2042 in
256 1989 344 2044 modio
361 1990 440 2044 sieut.
468 1989 565 2060 siquis
582 1989 754 2062 magistratus
770 1988 897 2046 adversus
913 1991 963 2044 hac
978 1985 1064 2060 doto)
1080 1985 1178 2059 m(clo)
1262 1999 1263 2002 ’

210 2073 331 2145 pondera
351 2073 511 2145 modiosque
533 2089 650 2146 uasaqne
675 2072 781 2146 publica
802 2067 939 2129 'modica9
967 2075 1069 2130 minora
1096 2073 1180 2126 maio·

211 2174 275 2212 rane
297 2159 373 2219 laxit,
396 2159 509 2212 iussitue
531 2155 603 2220 fieri,
625 2157 752 2213 dolumoe
773 2158 877 2220 adduit,
900 2175 954 2230 quo
976 2174 1005 2212 ea
1022 2157 1099 2219 fiant,
1117 2172 1180 2210 eum

212 2244 272 2314 quis
299 2243 374 2297 uolet
401 2244 572 2315 magistratus
610 2241 737 2300 'multare
764 2241 922 2317 qpmntom)
956 2239 1050 2314 molet)
1081 2239 1180 2313 p(ecu·

212 2319 343 2396 niam),¹⁰
363 2321 428 2380 dum
443 2327 546 2381 minore
560 2330 629 2400 parti
646 2326 756 2382 lanrilias
773 2335 856 2388 taxat,
879 2326 973 2389 liceto;
997 2329 1056 2381 siue
1072 2326 1133 2398 quis
1150 2325 1180 2380 in

212 2427 316 2464 sacrum
337 2410 454 2466 iudicare
475 2411 606 2474 uoluerit,
633 2411 741 2467 lieeto'.
769 2441 805 2451 -
828 2410 900 2466 Fest.
924 2429 949 2465 v.
972 2410 1080 2466 Publica
1109 2426 1180 2483 pon-

212 2494 275 2549 dera
290 2513 316 2566 p.
336 2493 405 2551 246.

215 2661 416 2668 4--ο---η---υ------

211 2759 232 2822 ⁴)
249 2761 287 2822 Cf.
300 2762 477 2823 infroAteiom
486 2762 632 2825 Capitonem
644 2770 664 2810 t.
701 2759 723 2823 ⁵)
737 2761 794 2809 An:
808 2762 891 2822 uulgo?
906 2759 945 2824 (go
957 2762 1078 2824 absorpto
1091 2777 1106 2809 n
1117 2759 1178 2823 so·).

211 2828 233 2892 ⁸)
247 2828 362 2891 Scripsi:
375 2837 515 2893 coaequetur
522 2829 566 2878 Cd.
579 2831 637 2878 edd.
674 2827 694 2890 ⁷)
706 2829 765 2878 Hoc
778 2835 829 2876 est:
843 2832 974 2879 sextarios
985 2829 1143 2894 (qniprimns
1153 2835 1181 2876 et

212 2900 334 2944 arenianes
346 2900 458 2947 araodolus
470 2903 509 2946 est
521 2899 672 2961 liquidorum
689 2903 715 2944 et
733 2897 861 2946 aridorum
875 2897 1017 2961 communis)
1030 2899 1180 2959 simpliciter

212 2966 294 3013 dictos
307 2960 440 3027 (nonnisi)
459 2969 511 3014 stae
528 2980 585 3020 vers,
604 2979 652 3028 quo
664 2966 805 3012 sextarium
821 2969 872 3012 nini
890 2967 983 3014 aliusne
1000 2966 1040 3014 rei
1056 2965 1177 3017 metimur,

167 3054 172 3064 ¹
212 3048 307 3096 aequus
318 3035 398 3095 spotti
409 3034 481 3081 modo
499 3033 533 3079 sit
545 3047 597 3079 corn
610 3047 691 3096 aequo
705 3030 831 3092 (sextario
844 3034 883 3093 id,
903 3035 970 3098 praed
991 3034 1115 3087 continet,
1134 3047 1176 3078 ac·
1271 3036 1272 3041 ’

212 3106 300 3148 corate
312 3097 448 3163 aequante)
463 3099 578 3157 librario,
591 3100 643 3148 siae
657 3101 693 3148 od
704 3104 756 3148 nini
765 3101 866 3162 pondus
878 3109 986 3160 exacto,
1002 3115 1072 3165 quem
1087 3098 1180 3148 Graeci

213 3163 376 3232 σταθμικόν
388 3169 526 3230 appellant.
543 3166 595 3227 Cf.
608 3165 712 3216 Boeelcd
725 3167 830 3216 Metrot.
845 3185 870 3230 p.
883 3177 915 3217 18.
928 3178 961 3218 25.
987 3170 1030 3216 Ad
1043 3169 1107 3216 donc
1119 3181 1177 3214 sen-

211 3239 314 3284 tentiam
326 3239 430 3285 lacunas
442 3235 513 3283 inits'o
525 3236 648 3298 supplevi.
685 3234 706 3299 8)
719 3235 767 3284 Eae
779 3235 885 3284 Mitlteri
897 3238 946 3298 ej.,·
964 3237 1074 3299 inteltipe
1086 3241 1178 3282 sexto-

211 3307 266 3352 rios
278 3303 406 3352 librarios.
426 3301 501 3351 librae
515 3302 560 3353 Cd.
574 3303 632 3351 edd.
674 3301 694 3366 9)
714 3304 730 3352 ἰ.
744 3319 766 3355 e.
781 3305 815 3351 ud
827 3305 922 3352 modom
934 3308 974 3352 uel
985 3305 1020 3351 ad
1031 3303 1179 3351 metiendum

209 3373 374 3434 pertinentia.
414 3366 444 3433 ¹⁰)
461 3369 583 3424 Correxi:
596 3373 733 3420 multaretur
747 3371 791 3419 Cd.
805 3371 864 3420 edd.
886 3371 924 3433 Of.
935 3369 1011 3420 Orelt.
1023 3369 1177 3419 [resorbet.

210 3440 268 3487 coll.
282 3445 332 3486 rasa
343 3457 378 3480 =
390 3437 414 3488 l.
427 3438 460 3485 L.
475 3439 508 3486 Α.
523 3447 567 3496 sos,
583 3448 614 3487 15.
