2634 3966
248 189 281 240 86
688 199 780 236 oarvs.

249 343 342 391 octale
367 338 467 388 multos
490 337 653 402 peregrinae
677 336 792 400 originis
809 335 883 384 viros
907 347 1023 384 summes
1045 332 1161 394 honores
1180 337 1205 382 et

248 421 377 474 maguam
397 406 480 456 otiam
499 406 527 453 in
544 406 603 454 iure
616 403 695 454 civili
705 404 898 453 auctoritatem
910 400 1014 450 Rornae
1027 402 1124 450 nactos
1138 414 1205 462 esse,

247 475 323 526 volut
341 473 475 524 Cirtensis
500 471 546 522 ille
569 473 612 522 vir
632 471 786 521 consularis
808 471 851 519 ins
872 467 1013 533 publicum
1031 466 1207 532 respondens,

249 542 326 594 culus
345 555 443 590 nomen
462 540 544 604 periit
562 539 635 606 apud
647 539 742 590 Frent.
761 553 804 602 ep.
823 536 857 587 ad
875 536 956 587 amic.
974 538 999 597 2,
1019 537 1059 586 10.
1079 534 1136 600 (6.).
1156 534 1209 586 Sed
1254 587 1256 600 ,

249 624 300 660 noc
321 607 471 670 offirmtum
495 621 559 656 nam
582 606 619 669 id,
644 605 716 669 quod
735 609 763 654 et
779 605 844 654 illos
862 604 935 653 viros
953 604 1052 668 partim
1070 603 1164 664 movit,
1183 607 1210 654 et
1249 640 1255 649 .

248 675 318 744 rprnd
338 673 423 726 multo
440 675 528 739 magis
545 675 574 723 in
586 673 721 724 Momseni
737 672 925 736 disputatione
941 670 1000 720 veri
1012 669 1137 733 quadsm'
1149 685 1208 735 spe·

248 743 291 796 olo
311 741 429 808 doolplt,
454 741 590 792 Graecam
609 739 687 790 illam
708 739 770 790 dieo
788 741 817 788 in
835 738 906 788 Gaio
925 739 1103 802 conspicuam
1121 737 1210 787 erudi-

248 811 350 862 tionem
369 813 396 860 ct
415 809 623 875 peregrinitatis
643 809 778 857 curiosam
797 805 1009 868 observantiam,
1028 804 1085 854 alia
1103 806 1211 857 ratione

249 875 489 929 instantiarum
519 891 579 926 ease
603 874 738 925 existimo.
781 873 887 938 Quippe
911 871 975 922 inde
999 887 1016 921 a
1038 872 1212 936 Vespasiano
1256 886 1259 917 ι

249 949 276 998 nt
295 891 410 996 rrrurlmc
429 943 478 996 sub
493 943 637 996 llsdricnc
655 955 755 992 novam
773 942 851 1005 quasi
868 942 988 1006 speciem
1000 939 1143 1004 imperium
1156 939 1212 990 Ro-

249 1025 357 1064 uututtm
376 1009 474 1064 induli.
509 1010 605 1062 Multls
629 1009 699 1060 enim
719 1008 834 1059 coloniis
852 1009 880 1057 in
898 1007 1054 1072 provincias
1076 1007 1212 1069 deductis,
1268 1056 1269 1059 ,

249 1079 351 1132 utultin
363 1093 398 1132 uc
417 1079 455 1130 llil
474 1093 508 1146 ep
531 1079 583 1130 ldis
602 1077 717 1129 civitate
729 1077 853 1127 Romana
864 1076 910 1126 vel
923 1075 1087 1133 Latinitate,
1100 1075 1213 1138 quibus·
1268 1094 1269 1097 ¹

248 1147 310 1200 siaiu
330 1097 415 1227 vitlem
435 1147 491 1200 lum
511 1095 612 1200 ltallco
629 1145 750 1206 donatis,
763 1143 880 1196 Graecis
891 1159 957 1194 vero
971 1157 1051 1207 quam
1063 1140 1105 1191 illi
1117 1143 1214 1206 opina-

249 1215 351 1270 inuritur
369 1213 530 1290 uttrernpip
549 1213 665 1278 reddita,
685 1227 756 1278 quae
769 1211 833 1262 olim
851 1211 999 1276 peregrina
1017 1210 1085 1260 ditio
1103 1213 1215 1290 tantum

250 1283 349 1342 litorei.
370 1285 397 1336 iu
417 1299 532 1352 iriquum
551 1298 639 1348 piscus
653 1283 696 1332 ius
715 1285 828 1346 recepta
847 1285 898 1331 est.
932 1279 969 1328 Et
986 1279 1102 1328 maxime
1121 1292 1216 1328 orrens

249 1351 419 1408 lrrrelucrut.
442 1365 586 1416 remusque
606 1355 675 1400 ‘neu
694 1348 785 1400 tenuis
804 1347 914 1412 quidam
933 1363 948 1397 e
970 1346 1089 1396 Graecia
1106 1345 1216 1396 rivulus

247 1419 295 1470 aad
316 1417 567 1470 uluuuleutlssiruus
591 1417 679 1468 artinis
703 1415 811 1464 illarum
836 1414 1043 1478 disciplinarum
1066 1418 1093 1463 et
1111 1413 1215 1462 artium

248 1485 275 1534 lu
300 1483 393 1534 sirium
417 1485 539 1534 luilurtt‘
563 1481 636 1548 (016.
655 1481 688 1530 dn
711 1497 767 1545 rep.
787 1483 811 1541 2,
832 1481 894 1543 la),
918 1486 947 1529 ut
970 1482 1025 1530 iem
1046 1497 1078 1530 ex
1096 1481 1215 1545 imperio

247 1549 369 1602 iiuurruo
390 1549 530 1614 {rupen-lum
549 1547 822 1599 Graeco-Romanum
841 1547 946 1595 factum
970 1547 1118 1598 videretur.
1154 1547 1216 1598 Hu-

247 1617 288 1666 ius
312 1631 377 1666 roro
400 1629 488 1666 rurruu
512 1614 672 1664 mutationis
696 1611 805 1676 effigies
829 1625 889 1660 cum
913 1612 996 1661 etiam
1019 1613 1047 1660 in
1070 1613 1217 1665 hominum
1270 1656 1275 1665 .

246 1681 366 1744 lupoullr
385 1695 438 1732 uon
457 1680 570 1746 orprlnri
588 1695 640 1730 uon
659 1682 766 1743 posset,
791 1679 814 1726 ai
834 1678 933 1727 Guium
953 1678 1011 1727 eiua
1029 1679 1058 1726 in
1077 1678 1216 1743 iurispru-

245 1749 341 1800 ‹loutla
359 1749 473 1814 primunr
493 1751 521 1796 nt
539 1745 709 1796 verissimum
729 1743 869 1807 exemplar
887 1759 1039 1808 novumque
1053 1746 1142 1808 quasi,
1160 1745 1215 1798 hu-

246 1817 288 1868 ius
308 1821 398 1868 tauron
417 1812 557 1879 temporis,
577 1811 732 1861 Labeonem
752 1809 863 1872 dixeris,
881 1815 913 1861 ut
930 1811 1100 1877 Hadrianus,
1119 1815 1214 1878 ‘prim

246 1881 376 1934 rumille
395 1881 490 1931 doctus
510 1883 538 1929 et
556 1893 642 1927 navus
661 1877 735 1928 orbis
757 1882 890 1928 terrarum
909 1895 963 1931 non
975 1881 1088 1946 regendi
1100 1885 1213 1934 tantum

244 1965 282 2000 sris
317 1951 400 2000 etiam
423 1944 633 2012 perambulandi
656 1943 791 2010 diligens’
816 1944 920 2008 (Front.
946 1949 978 2000 de
1002 1949 1052 1999 ier.
1076 1949 1136 2000 Als.
1159 1948 1211 2016 3.),

245 2017 300 2068 tuit
317 2017 345 2066 ln
364 2014 530 2079 principatu,
551 2027 630 2076 quem
649 2016 677 2062 et
689 2013 778 2078 ipsum
791 2014 894 2066 idcirco
913 2016 968 2066 iam
982 2018 1112 2082 aequales
1125 2017 1212 2070 Grae·

244 2084 335 2135 culum
358 2083 485 2131 dixerunt
508 2079 661 2146 (Spartian.
686 2081 774 2131 Hadr.
795 2079 843 2146 L),
867 2099 921 2133 non
945 2086 1023 2136 modo
1042 2087 1210 2149 rectissime,

243 2153 272 2202 ni
295 2149 390 2210 fallor,
419 2147 451 2198 de
476 2163 508 2198 eo
531 2148 708 2208 iudicaveris,
739 2149 787 2200 sed
811 2152 894 2201 etiam
919 2154 1022 2217 omnia,
1049 2155 1123 2217 quae'
1150 2154 1210 2204 eius

244 2217 355 2283 propria
373 2219 446 2278 sunt,
465 2214 599 2266 facillime
618 2217 810 2282 explicaveris.
852 2275 855 2282 ¹

309 2318 429 2368 Primum
452 2317 539 2382 igitur
560 2318 656 2367 mirum
679 2325 808 2387 nonest,
833 2320 903 2384 quod
920 2321 1114 2370 Institutiones
1133 2334 1222 2385 suas,

245 2384 291 2449 qui
309 2384 381 2434 liber
398 2385 501 2450 primus
520 2385 640 2434 omnium
658 2387 723 2436 novi
740 2386 849 2450 imperii
867 2390 957 2436 statua
980 2387 1088 2437 ratione
1111 2387 1208 2437 habita

242 2454 410 2516 compositus
436 2467 497 2502 esse
520 2451 640 2512 videtur,
665 2468 720 2502 non
739 2468 755 2502 a
773 2452 868 2517 populi
885 2452 1002 2512 Romani
1020 2454 1078 2502 iure
1098 2454 1146 2504 sed
1165 2455 1207 2504 ita

241 2519 393 2570 exorditur:
419 2518 537 2570 ‘Omnes
560 2518 668 2584 populi,
689 2521 735 2582 qui
753 2519 863 2584 legibus
881 2523 909 2570 et
926 2518 1047 2571 moribus
1065 2524 1205 2585 reguntur,

241 2588 342 2652 partim
362 2601 409 2638 suo
427 2587 538 2652 proprio
561 2587 661 2651 partim
686 2588 822 2637 communi
844 2588 961 2638 omnium
984 2587 1124 2638 hominum
1147 2589 1208 2639 iure

239 2657 368 2704 utuntur’
394 2658 445 2705 etc.
469 2658 498 2704 et
522 2653 620 2703 deinde
645 2669 751 2719 quoque
779 2659 931 2705 ceterorum
959 2655 1121 2721 populorum
1148 2658 1209 2707 iura

240 2723 366 2786 respicit,
387 2736 441 2771 non
459 2721 537 2772 modo
555 2727 646 2770 utrum
666 2722 731 2786 quid
748 2723 815 2772 iuris
835 2722 926 2773 civilis
946 2738 981 2772 an
999 2725 1068 2774 iuris
1086 2725 1208 2790 gentium

242 2789 320 2839 sitin
339 2804 501 2853 quocunque
521 2787 639 2838 articulo
658 2787 815 2840 adnotando
834 2792 868 2854 (1,
881 2790 929 2856 2.),
949 2791 998 2841 sed
1012 2793 1094 2842 etiem
1108 2793 1136 2840 in
1149 2793 1207 2841 iure

240 2855 319 2906 civili
342 2857 433 2906 simile
456 2856 502 2906 vel
524 2856 658 2906 dissimile
684 2856 801 2907 aliorum
824 2857 985 2923 populorum
1003 2860 1045 2908 ius
1065 2857 1206 2908 afferendo

239 2923 286 2972 vel
306 2924 489 2988 comparando
508 2922 548 2988 (1,
567 2925 608 2976 55.
629 2926 670 2973 92.
692 2926 749 2977 133.
769 2926 826 2976 137.
846 2929 871 2987 3,
891 2927 930 2976 96.
951 2928 1010 2975 134.
1029 2931 1056 2974 et
1069 2925 1105 2975 cl.
1118 2924 1150 2975 L.
1165 2926 1206 2976 13.

238 2990 272 3039 D.
286 2989 331 3039 fin.
351 3007 407 3056 reg.
429 2994 470 3052 10,
490 2993 512 3040 1.
533 2991 564 3040 L.
579 2993 603 3044 4.
622 2991 659 3046 D.
677 2991 709 3042 de
730 2992 829 3056 colleg.
847 2995 890 3053 47,
910 2991 973 3056 22),
993 2993 1035 3041 ius
1054 2991 1138 3040 etiam
1151 2992 1206 3041 La-

238 3060 358 3108 tinorum
378 3059 589 3109 coloniariorum
609 3058 772 3123 explicando
792 3058 829 3124 (l,
850 3061 890 3108 79.
909 3061 951 3110 86.
965 3061 1007 3109 86.
1020 3059 1061 3109 96.
1080 3061 1105 3121 3,
1126 3058 1206 3124 120),

238 3127 394 3191 peregrinis
419 3124 483 3190 quid
507 3142 541 3176 ex
563 3129 621 3176 iure
641 3127 765 3178 Romano
787 3127 875 3177 licoat
897 3124 942 3176 vel
960 3141 1015 3176 non
1032 3126 1132 3189 liceat,
1157 3127 1206 3177 ad·

238 3193 373 3244 monendo
396 3193 432 3258 (1,
450 3195 493 3244 47,
511 3197 553 3245 53.
573 3196 613 3246 74.
632 3196 673 3247 93,
694 3197 734 3247 94,
754 3197 784 3259 2,
803 3195 860 3245 285.
880 3195 905 3256 4,
924 3196 965 3247 37.
987 3191 1072 3259 106),
1095 3198 1205 3261 provin·

238 3261 344 3310 ciarum
364 3265 392 3312 et
410 3261 510 3311 Italiae
528 3263 557 3310 in
576 3262 634 3312 iure
654 3262 732 3312 civili
748 3261 926 3312 diversitates
947 3263 1101 3313 enarrando
1126 3263 1161 3325 (i,
1180 3266 1205 3314 6.

237 3330 280 3378 20.
302 3331 443 3381 100-102.
464 3331 521 3383 106,
541 3331 598 3380 133.
619 3331 678 3380 135.
698 3331 754 3382 197.
769 3333 828 3381 200.
848 3331 873 3392 2,
892 3333 917 3381 7.
935 3332 977 3379 21.
995 3333 1037 3388 24,
1054 3333 1095 3380 27.
1109 3333 1150 3381 31.
1164 3331 1205 3379 46.

237 3397 280 3447 63.
299 3398 357 3447 278.
376 3399 400 3458 3,
421 3399 477 3448 121.
497 3398 554 3448 122.
574 3400 599 3460 4,
619 3393 700 3462 103).
726 3397 884 3461 Eodemque
903 3399 1036 3462 pertinet,
1063 3397 1134 3461 quod
1152 3413 1207 3447 non

237 3464 318 3514 modo
337 3464 455 3516 edietum
474 3465 607 3525 urbicum,
622 3463 671 3514 sed
690 3465 774 3514 etiam
793 3465 964 3528 provinciale
985 3466 1134 3528 separatim
1152 3465 1207 3529 pri-
