2634 3974
207 187 259 239 454
463 201 537 236 1vc11
557 201 662 235 ratium
682 201 761 237 seua.
780 187 804 234 V.
825 187 866 238 at.
886 187 926 238 22.

207 342 333 398 damnum
360 343 459 398 sarcire
487 349 625 414 coguntur
650 341 695 397 uel
722 344 794 398 curia
820 341 1018 398 submouentur
1041 342 1086 397 uel
1107 343 1181 400 rele-

208 435 317 502 gantur.

264 563 326 602 nm.
343 561 407 602 xxi.
444 561 486 601 on
501 558 793 602 vamoruaronuevs
809 561 849 600 nr
865 559 1112 602 neaununmom.

271 644 295 703 1.
321 639 547 709 1Vaticinatores,
575 647 620 720 qui
642 663 671 702 se
692 645 744 702 deo
765 646 861 720 plenos
876 645 1049 710 assimulant,
1076 645 1182 702 idcirco

96 785 103 799 „
205 733 316 788 ciuitate
337 729 434 802 expelli
454 730 568 804 placuit,
597 747 631 786 ue
652 731 768 786 humana
788 729 949 787 credulitate
969 729 1069 804 publici
1086 747 1181 786 mores

205 816 239 871 ad
254 832 330 888 spem
345 814 457 870 alicuius
472 816 513 870 rei
528 823 782 888 corrumperentur,
807 815 849 869 uel
870 822 943 870 certe
965 830 998 870 ex
1014 831 1047 870 eo
1062 815 1181 888 popula·

204 915 249 956 res
272 899 353 954 animi
374 898 558 955 turbarentur.
602 898 721 972 ideoque
742 901 830 972 primo
847 899 963 954 fustibus
979 899 1050 954 caesi
1065 900 1181 954 ciuitate

205 983 360 1058 pelluntur;
377 991 583 1056 perseuerantes
600 991 688 1040 autem
704 985 732 1039 iu
748 983 855 1038 uincula
870 982 977 1057 publica
992 984 1180 1039 coniiciuntur
1223 1027 1228 1033 .
1303 1005 1305 1014 ,

205 1069 300 1123 autin
321 1067 434 1124 insulam
456 1068 635 1142 deportantur
654 1069 700 1123 uel
721 1077 794 1124 certe
815 1068 983 1142 relegantur.
1043 1065 1073 1125 2.
1104 1061 1179 1134 ²Qui

204 1169 290 1209 nouas
312 1160 340 1208 et
360 1169 413 1209 usu
432 1153 477 1208 uel
499 1155 603 1210 ratione
622 1153 776 1227 incognitas
798 1153 946 1225 religiones
968 1151 1115 1215 inducunt,
1143 1167 1179 1206 ex

205 1237 303 1310 quibus
324 1239 404 1292 animi
423 1235 562 1294 hominum
583 1246 758 1300 moueantur,
785 1237 959 1292 honestiores
984 1235 1176 1309 deportantur,

204 1322 362 1379 humiliores
378 1323 464 1395 capite
480 1325 637 1396 puniuntur.
691 1319 719 1379 3.
746 1313 816 1389 ³out
831 1321 865 1376 de
880 1321 967 1376 salute
984 1321 1111 1393 principis
1129 1319 1177 1378 uel

204 1405 239 1462 de
254 1423 358 1462 summa
372 1406 534 1478 reipublicae
550 1407 764 1469 mathematicos,
787 1405 901 1466 ariolos,
917 1405 1088 1477 haruspices,
1106 1405 1182 1469 uatis

204 1491 338 1546 cirratores
360 1490 491 1558 consulit,
518 1506 580 1544 cum
601 1507 648 1552 co,
676 1491 722 1563 qui
736 1489 923 1562 responderit,
950 1490 1036 1562 eapite
1051 1489 1174 1561 punitur.

204 1571 234 1628 4.
260 1567 339 1627 ⁴Nou
358 1579 463 1628 tantum
491 1572 657 1628 diuinatione
679 1575 753 1648 quic,
782 1573 829 1628 sed
851 1575 907 1646 ipsa
929 1573 1041 1628 seientia
1062 1573 1176 1645 eiusque

204 1656 279 1711 libris
295 1656 391 1711 melius
406 1655 501 1712 lecerit
517 1656 663 1713 abstinere.
713 1651 834 1723 ⁵Quodsi
850 1658 922 1713 serui
938 1655 971 1710 de
986 1657 1073 1712 salute
1089 1656 1176 1712 domi·

204 1757 302 1798 uorum
318 1740 519 1805 consuluerint,
541 1757 646 1796 summo
662 1741 809 1814 supplicio,
831 1741 858 1796 id
879 1749 920 1796 est
936 1757 1029 1804 cruce,
1054 1737 1175 1796 alliciun-

204 1833 263 1889 tur;
291 1824 409 1880 consulti
430 1832 520 1882 autem
542 1827 565 1881 si
586 1843 717 1900 responsa
745 1825 881 1888 dederint,
909 1831 955 1880 aut
980 1827 1008 1881 in
1035 1822 1174 1880 metallum

202 1910 365 1989 damnantur
380 1912 467 1966 autin
482 1911 596 1966 insulam
613 1903 839 1984 'deportantun6

458 2045 520 2086 nm.
537 2021 637 2084 xx11.¹
670 2044 715 2084 ou
729 2042 918 2085 scorriosrs.

269 2131 294 2188 1.
318 2123 470 2186 ²Auctores
490 2130 632 2187 seditionis
652 2137 680 2186 et
701 2130 834 2186 tumultus
859 2128 904 2184 uel
925 2129 1105 2190 concitatores
1125 2144 1177 2200 po·

203 2215 262 2292 puli
276 2233 326 2290 pro
344 2215 472 2289 qualitate
488 2215 626 2290 dignitatis
642 2216 731 2270 autin
746 2230 852 2270 crucem
868 2213 1004 2268 tolluntur
1019 2219 1065 2267 aut
1080 2210 1175 2268 bestiis

204 2301 370 2357 obiiciuntur
395 2300 489 2354 autin
510 2300 624 2356 insulam
646 2299 833 2372 deportantur.
892 2293 920 2354 2.
950 2291 1019 2364 ³Qut
1043 2297 1175 2352 terminos

205 2383 397 2440 effodiuntuel
412 2392 533 2447 exarant,
550 2383 696 2439 arboresue
712 2382 867 2438 terminales
883 2388 1024 2444 euertuut,
1040 2380 1175 2454 siquidem

203 2467 231 2522 id
247 2469 320 2522 serui
336 2485 383 2522 sua
401 2475 499 2540 sponte
521 2467 648 2530 iecerint,
675 2469 709 2526 in,
724 2467 862 2524 metallum
884 2465 1060 2528 damnantur;
1088 2464 1175 2521 humi·

204 2553 287 2608 liores
308 2553 335 2606 in
357 2568 425 2624 opus
446 2551 596 2625 publicum,
618 2553 791 2608 honestiores
806 2553 834 2606 in
849 2550 965 2609 insulam
981 2551 1080 2607 amissa
1094 2551 1176 2607 tertia

204 2641 283 2710 parte
302 2634 438 2690 bonorum
460 2635 618 2709 relegantur
632 2635 693 2692 'aut
709 2636 832 2692 exsulare
848 2629 1016 2710 coguntur.⁴
1059 2629 1089 2689 3.
1115 2627 1176 2689 ⁵Ci·
1236 2685 1239 2690 .

209 2746 408 2760 „a--n--na-—q

278 2801 327 2851 Tit.
347 2800 428 2851 XXI.
471 2795 660 2863 1)οβ0011111.
681 2810 717 2859 15,
737 2809 757 2853 2.
780 2799 828 2865 83.
847 2809 924 2850 3-6.
945 2827 976 2836 -
997 2799 1116 2862 Gotdofr.
1140 2799 1177 2848 ad

204 2873 237 2920 L.
257 2877 278 2919 1.
300 2868 345 2920 Tu.
365 2868 393 2921 0.
412 2870 639 2932 demalcficislt,
658 2867 709 2930 16).
796 2867 818 2933 ²)
838 2868 878 2931 Of.
899 2868 989 2921 Collat.
1010 2877 1044 2927 15,
1064 2876 1084 2918 3.
1104 2863 1132 2928 8.
1151 2874 1172 2913 2.

205 2937 226 3000 5)
247 2937 286 3000 Cf.
308 2937 398 2988 Collat.
417 2946 456 2997 15,
475 2946 495 2990 2.
516 2935 543 3001 S.
562 2945 582 2987 3.
612 2937 717 2988 Tertull.
736 2939 804 3000 apol.
822 2945 856 2988 35.
883 2936 935 2990 Iul.
954 2937 1032 2986 dirus.
1050 2933 1132 2984 Mart.
1152 2940 1173 2989 2,

205 3008 250 3054 ott.
279 3005 377 3058 Sozom.
396 3005 454 3055 dist.
473 3009 533 3059 eccl.
553 3013 573 3064 1,
592 3013 626 3058 35.
683 3002 704 3067 4)
725 3004 765 3066 Of.
786 3004 922 3063 Collatia,
936 3014 956 3054 2.
977 3003 1036 3068 §.a
1089 2997 1111 3064 δ)
1131 2999 1172 3062 Of.

209 3071 315 3122 Tertntt.
333 3073 403 3134 apol.
422 3080 447 3120 35
463 3075 508 3136 fin.
578 3071 601 3133 ο)
620 3073 754 3134 relegantur
771 3073 842 3121 motti
861 3071 924 3122 oud.

278 3137 327 3188 Tit.
348 3139 444 3188 XXII.
486 3139 506 3205 ¹)
528 3140 593 3190 Eius
616 3138 643 3204 S.
661 3149 681 3190 2.
705 3143 732 3189 in
754 3155 863 3202 corpore
890 3141 979 3202 finium
1005 3140 1176 3202 rependerem

204 3224 231 3272 p.
252 3215 290 3256 270
307 3207 421 3266 Lacum,
441 3208 483 3257 udi
500 3211 574 3257 etiam
592 3214 678 3264 extat,
697 3209 782 3258 verius
799 3207 844 3256 sud
863 3209 900 3256 tit.
920 3208 968 3257 ‘de
985 3207 1093 3272 poenis'
1112 3207 1175 3255 cita·

205 3283 256 3326 tor.
313 3273 335 3337 2)
355 3275 405 3326 Est
423 3277 497 3325 etiam
514 3277 549 3325 L.
563 3284 596 3327 58.
616 3274 643 3339 8.
656 3284 677 3324 2.
696 3276 729 3327 Ι).
749 3276 781 3324 de
796 3276 889 3338 poenis
908 3271 951 3339 (ts,
972 3274 1016 3338 19).
1034 3273 1076 3336 Of.
1093 3273 1177 3323 Tacit:

204 3344 242 3392 Η.
263 3350 335 3401 2,(11.
404 3341 426 3405 ⁸)
450 3345 510 3396 th.
529 3348 582 3396 not.
602 3351 621 3395 1.
654 3342 693 3406 Cf.
713 3341 804 3392 Cottae.
825 3349 936 3401 13,2.1.
962 3341 1176 3394 L.1.e.1l.do

204 3417 277 3460 terro.
294 3416 361 3460 moto
380 3410 434 3472 (tt,
453 3409 502 3472 21).
583 3407 605 3474 ⁴)
629 3409 663 3458 In
681 3423 752 3473 corp.
769 3411 815 3470 fin.
835 3425 889 3474 rep.
908 3409 1006 3460 absunt.
1090 3406 1113 3473 5)
1133 3407 1175 3471 Of.

206 3477 239 3525 L.
259 3485 282 3525 11
299 3493 342 3539 pr.
361 3477 394 3526 D.
413 3478 449 3526 ad
466 3479 515 3541 lep.
534 3476 609 3526 Gora.
629 3477 661 3527 de
678 3477 727 3525 oie.
746 3474 788 3532 (18,
807 3475 839 3538 8),
