<?xml version="1.0" encoding="UTF-8"?>
<!DOCTYPE html PUBLIC "-//W3C//DTD XHTML 1.0 Transitional//EN"
    "http://www.w3.org/TR/xhtml1/DTD/xhtml1-transitional.dtd">
<html xmlns="http://www.w3.org/1999/xhtml" xml:lang="en" lang="en">
 <head>
  <title>
</title>
<meta http-equiv="Content-Type" content="text/html;charset=utf-8" />
  <meta name='ocr-system' content='tesseract 3.04.00' />
  <meta name='ocr-capabilities' content='ocr_page ocr_carea ocr_par ocr_line ocrx_word'/>
</head>
<body>
  <div class='ocr_page' id='page_1' title='image "./ivrisprvdentiae01huscgoog_0743.png"; bbox 0 0 2590 4286; ppageno 0'>
   <div class='ocr_carea' id='block_1_1' title="bbox 314 3576 337 3608">
    <p class='ocr_par' dir='ltr' id='par_1_1' title="bbox 314 3576 337 3608">
     <span class='ocr_line' id='line_1_1' title="bbox 314 3576 337 3608; baseline 0 0"><span class='ocrx_word' id='word_1_1' title='bbox 314 3576 337 3608; x_wconf 66' lang='lat' dir='ltr'><em>O</em></span> 
     </span>
    </p>
   </div>
   <div class='ocr_carea' id='block_1_2' title="bbox 518 95 1078 138">
    <p class='ocr_par' dir='ltr' id='par_1_2' title="bbox 518 95 1078 138">
     <span class='ocr_line' id='line_1_2' title="bbox 518 95 1078 138; baseline 0.007 -8"><span class='ocrx_word' id='word_1_2' title='bbox 518 95 643 138; x_wconf 60' lang='lat' dir='ltr'>VERBIS.</span> <span class='ocrx_word' id='word_1_3' title='bbox 658 96 767 132; x_wconf 74' lang='lat' dir='ltr'><strong>GVIYSD·</strong></span> <span class='ocrx_word' id='word_1_4' title='bbox 787 97 935 134; x_wconf 69' lang='lat' dir='ltr'>mucoris.</span> <span class='ocrx_word' id='word_1_5' title='bbox 954 97 1078 134; x_wconf 64' lang='lat' dir='ltr'>CONSVLT</span> 
     </span>
    </p>
   </div>
   <div class='ocr_carea' id='block_1_3' title="bbox 353 234 1078 2326">
    <p class='ocr_par' dir='ltr' id='par_1_3' title="bbox 353 234 1078 2326">
     <span class='ocr_line' id='line_1_3' title="bbox 354 234 1078 300; baseline 0.003 -16"><span class='ocrx_word' id='word_1_6' title='bbox 354 234 433 299; x_wconf 85' lang='lat' dir='ltr'>ligit,</span> <span class='ocrx_word' id='word_1_7' title='bbox 453 238 511 282; x_wconf 90' lang='lat' dir='ltr'>tum</span> <span class='ocrx_word' id='word_1_8' title='bbox 536 249 594 283; x_wconf 88' lang='lat' dir='ltr'>cum</span> <span class='ocrx_word' id='word_1_9' title='bbox 620 239 715 284; x_wconf 86' lang='lat' dir='ltr'>auctor</span> <span class='ocrx_word' id='word_1_10' title='bbox 738 234 887 297; x_wconf 78' lang='lat' dir='ltr'>scriberet,</span> <span class='ocrx_word' id='word_1_11' title='bbox 911 235 1078 300; x_wconf 85' lang='lat' dir='ltr'>imperatore</span> 
     </span>
     <span class='ocr_line' id='line_1_4' title="bbox 353 301 1078 366; baseline 0.003 -14"><span class='ocrx_word' id='word_1_12' title='bbox 353 317 409 352; x_wconf 88' lang='lat' dir='ltr'>non</span> <span class='ocrx_word' id='word_1_13' title='bbox 438 301 585 366; x_wconf 82' lang='lat' dir='ltr'>cogitavit,</span> <span class='ocrx_word' id='word_1_14' title='bbox 615 302 709 352; x_wconf 91' lang='lat' dir='ltr'>eodem</span> <span class='ocrx_word' id='word_1_15' title='bbox 732 302 792 352; x_wconf 90' lang='lat' dir='ltr'>iure</span> <span class='ocrx_word' id='word_1_16' title='bbox 820 317 853 351; x_wconf 89' lang='lat' dir='ltr'>ex</span> <span class='ocrx_word' id='word_1_17' title='bbox 880 301 1016 353; x_wconf 78' lang='lat' dir='ltr'>similibus</span> <span class='ocrx_word' id='word_1_18' title='bbox 1042 303 1078 354; x_wconf 84' lang='lat' dir='ltr'>Le</span> 
     </span>
     <span class='ocr_line' id='line_1_5' title="bbox 354 369 1078 422; baseline 0.004 -3"><span class='ocrx_word' id='word_1_19' title='bbox 354 369 525 420; x_wconf 79' lang='lat' dir='ltr'>dictionibus</span> <span class='ocrx_word' id='word_1_20' title='bbox 552 369 629 419; x_wconf 84' lang='lat' dir='ltr'>velut</span> <span class='ocrx_word' id='word_1_21' title='bbox 654 371 698 420; x_wconf 88' lang='lat' dir='ltr'>tit.</span> <span class='ocrx_word' id='word_1_22' title='bbox 721 371 768 422; x_wconf 92' lang='lat' dir='ltr'>IV.</span> <span class='ocrx_word' id='word_1_23' title='bbox 792 370 855 422; x_wconf 88' lang='lat' dir='ltr'><strong>VII.</strong></span> <span class='ocrx_word' id='word_1_24' title='bbox 878 370 1005 422; x_wconf 89' lang='lat' dir='ltr'>XXXIII.</span> <span class='ocrx_word' id='word_1_25' title='bbox 1035 371 1078 422; x_wconf 81' lang='lat' dir='ltr'>effi</span> 
     </span>
     <span class='ocr_line' id='line_1_6' title="bbox 354 435 1078 501; baseline 0 -15"><span class='ocrx_word' id='word_1_26' title='bbox 354 441 448 486; x_wconf 88' lang='lat' dir='ltr'>stante</span> <span class='ocrx_word' id='word_1_27' title='bbox 460 437 576 501; x_wconf 88' lang='lat' dir='ltr'>imperio</span> <span class='ocrx_word' id='word_1_28' title='bbox 590 438 747 488; x_wconf 88' lang='lat' dir='ltr'>confectam</span> <span class='ocrx_word' id='word_1_29' title='bbox 760 435 845 488; x_wconf 88' lang='lat' dir='ltr'>esse.¹</span> <span class='ocrx_word' id='word_1_30' title='bbox 869 437 926 487; x_wconf 89' lang='lat' dir='ltr'>Neo</span> <span class='ocrx_word' id='word_1_31' title='bbox 945 438 1044 489; x_wconf 84' lang='lat' dir='ltr'>fortius</span> <span class='ocrx_word' id='word_1_32' title='bbox 1058 439 1078 488; x_wconf 89' lang='lat' dir='ltr'>ei</span> 
     </span>
     <span class='ocr_line' id='line_1_7' title="bbox 355 503 1078 570; baseline -0.001 -15"><span class='ocrx_word' id='word_1_33' title='bbox 355 509 399 555; x_wconf 82' lang='lat' dir='ltr'>est</span> <span class='ocrx_word' id='word_1_34' title='bbox 424 515 457 554; x_wconf 83' lang='lat' dir='ltr'>ex</span> <span class='ocrx_word' id='word_1_35' title='bbox 476 520 499 556; x_wconf 89' lang='lat' dir='ltr'>c.</span> <span class='ocrx_word' id='word_1_36' title='bbox 517 507 541 566; x_wconf 76' lang='lat'>7,</span> <span class='ocrx_word' id='word_1_37' title='bbox 561 508 584 556; x_wconf 84' lang='lat'>3.</span> <span class='ocrx_word' id='word_1_38' title='bbox 603 503 746 570; x_wconf 68' lang='lat' dir='ltr'>petitum,²</span> <span class='ocrx_word' id='word_1_39' title='bbox 769 520 821 569; x_wconf 90' lang='lat' dir='ltr'>quo</span> <span class='ocrx_word' id='word_1_40' title='bbox 845 505 946 568; x_wconf 88' lang='lat' dir='ltr'>probat</span> <span class='ocrx_word' id='word_1_41' title='bbox 966 505 1038 556; x_wconf 90' lang='lat' dir='ltr'>vivis</span> <span class='ocrx_word' id='word_1_42' title='bbox 1055 507 1078 554; x_wconf 93' lang='lat' dir='ltr'>V</span> 
     </span>
     <span class='ocr_line' id='line_1_8' title="bbox 356 572 1078 636; baseline -0.003 -14"><span class='ocrx_word' id='word_1_43' title='bbox 356 576 385 622; x_wconf 89' lang='lat' dir='ltr'>et</span> <span class='ocrx_word' id='word_1_44' title='bbox 402 572 557 622; x_wconf 86' lang='lat' dir='ltr'>Theodosio</span> <span class='ocrx_word' id='word_1_45' title='bbox 569 573 605 622; x_wconf 89' lang='grc' dir='ltr'>ΙΙ.</span> <span class='ocrx_word' id='word_1_46' title='bbox 625 577 765 624; x_wconf 78' lang='lat' dir='ltr'>auctorem</span> <span class='ocrx_word' id='word_1_47' title='bbox 777 573 931 636; x_wconf 78' lang='lat' dir='ltr'>scripsisse,</span> <span class='ocrx_word' id='word_1_48' title='bbox 950 573 1028 623; x_wconf 91' lang='lat' dir='ltr'>modo</span> <span class='ocrx_word' id='word_1_49' title='bbox 1041 589 1078 622; x_wconf 71' lang='lat' dir='ltr'>rer</span> 
     </span>
     <span class='ocr_line' id='line_1_9' title="bbox 354 639 1078 704; baseline 0.006 -16"><span class='ocrx_word' id='word_1_50' title='bbox 354 639 543 697; x_wconf 78' lang='lat' dir='ltr'>intellexeris,</span> <span class='ocrx_word' id='word_1_51' title='bbox 568 655 623 704; x_wconf 81' lang='lat' dir='ltr'>qua</span> <span class='ocrx_word' id='word_1_52' title='bbox 646 641 679 690; x_wconf 90' lang='lat' dir='ltr'>de</span> <span class='ocrx_word' id='word_1_53' title='bbox 702 657 732 690; x_wconf 89' lang='lat' dir='ltr'>re</span> <span class='ocrx_word' id='word_1_54' title='bbox 755 641 872 690; x_wconf 84' lang='lat' dir='ltr'>diximus</span> <span class='ocrx_word' id='word_1_55' title='bbox 895 645 951 691; x_wconf 89' lang='lat' dir='ltr'>not.</span> <span class='ocrx_word' id='word_1_56' title='bbox 973 643 1030 690; x_wconf 86' lang='grc'>120.</span> <span class='ocrx_word' id='word_1_57' title='bbox 1066 643 1078 692; x_wconf 71' lang='lat' dir='ltr'>i</span> 
     </span>
     <span class='ocr_line' id='line_1_10' title="bbox 353 707 1078 773; baseline 0.003 -17"><span class='ocrx_word' id='word_1_58' title='bbox 353 708 532 772; x_wconf 81' lang='lat' dir='ltr'>imperatoris¹</span> <span class='ocrx_word' id='word_1_59' title='bbox 550 708 670 758; x_wconf 83' lang='lat' dir='ltr'>Zenonis</span> <span class='ocrx_word' id='word_1_60' title='bbox 697 709 857 758; x_wconf 89' lang='lat' dir='ltr'>constitutio</span> <span class='ocrx_word' id='word_1_61' title='bbox 881 707 915 758; x_wconf 89' lang='lat' dir='ltr'>de</span> <span class='ocrx_word' id='word_1_62' title='bbox 941 707 1001 772; x_wconf 89' lang='lat' dir='ltr'>plns</span> <span class='ocrx_word' id='word_1_63' title='bbox 1029 713 1078 773; x_wconf 90' lang='lat' dir='ltr'>pet</span> 
     </span>
     <span class='ocr_line' id='line_1_11' title="bbox 353 775 1078 840; baseline 0.004 -16"><span class='ocrx_word' id='word_1_64' title='bbox 353 777 511 840; x_wconf 82' lang='lat' dir='ltr'>ignoratur,</span> <span class='ocrx_word' id='word_1_65' title='bbox 540 776 648 827; x_wconf 87' lang='lat' dir='ltr'>omnino</span> <span class='ocrx_word' id='word_1_66' title='bbox 674 776 745 826; x_wconf 90' lang='lat' dir='ltr'>nihil</span> <span class='ocrx_word' id='word_1_67' title='bbox 781 776 815 826; x_wconf 89' lang='lat' dir='ltr'>ad</span> <span class='ocrx_word' id='word_1_68' title='bbox 844 790 902 826; x_wconf 85' lang='lat' dir='ltr'>rem</span> <span class='ocrx_word' id='word_1_69' title='bbox 929 775 998 827; x_wconf 85' lang='lat' dir='ltr'>lacit</span> <span class='ocrx_word' id='word_1_70' title='bbox 1022 776 1078 840; x_wconf 76' lang='lat' dir='ltr'>(lior</span> 
     </span>
     <span class='ocr_line' id='line_1_12' title="bbox 353 843 1078 908; baseline 0 -16"><span class='ocrx_word' id='word_1_71' title='bbox 353 844 427 892; x_wconf 77' lang='lat' dir='ltr'>vetit</span> <span class='ocrx_word' id='word_1_72' title='bbox 440 843 578 907; x_wconf 82' lang='lat' dir='ltr'>Wieding.</span> <span class='ocrx_word' id='word_1_73' title='bbox 592 843 618 893; x_wconf 89' lang='lat' dir='ltr'>d.</span> <span class='ocrx_word' id='word_1_74' title='bbox 631 843 839 908; x_wconf 83' lang='lat' dir='ltr'>Libellprocess</span> <span class='ocrx_word' id='word_1_75' title='bbox 852 860 877 907; x_wconf 90' lang='lat' dir='ltr'>p.</span> <span class='ocrx_word' id='word_1_76' title='bbox 892 844 965 905; x_wconf 78' lang='lat'><strong>137);</strong></span> <span class='ocrx_word' id='word_1_77' title='bbox 984 844 1078 908; x_wconf 85' lang='lat' dir='ltr'>postbl</span> 
     </span>
     <span class='ocr_line' id='line_1_13' title="bbox 355 910 1078 976; baseline 0.003 -16"><span class='ocrx_word' id='word_1_78' title='bbox 355 915 384 960; x_wconf 89' lang='lat' dir='ltr'>et</span> <span class='ocrx_word' id='word_1_79' title='bbox 401 911 524 961; x_wconf 82' lang='lat' dir='ltr'>Leonem</span> <span class='ocrx_word' id='word_1_80' title='bbox 542 910 636 960; x_wconf 77' lang='lat' dir='ltr'>nullae</span> <span class='ocrx_word' id='word_1_81' title='bbox 660 912 777 975; x_wconf 86' lang='lat' dir='ltr'>amplius</span> <span class='ocrx_word' id='word_1_82' title='bbox 799 911 976 960; x_wconf 75' lang='lat' dir='ltr'>orientolium</span> <span class='ocrx_word' id='word_1_83' title='bbox 997 912 1078 976; x_wconf 81' lang='lat' dir='ltr'>imper</span> 
     </span>
     <span class='ocr_line' id='line_1_14' title="bbox 354 978 1078 1043; baseline -0.001 -16"><span class='ocrx_word' id='word_1_84' title='bbox 354 979 477 1028; x_wconf 87' lang='lat' dir='ltr'>tutiones</span> <span class='ocrx_word' id='word_1_85' title='bbox 495 980 524 1027; x_wconf 92' lang='lat' dir='ltr'>in</span> <span class='ocrx_word' id='word_1_86' title='bbox 542 979 686 1029; x_wconf 84' lang='lat' dir='ltr'>occidente</span> <span class='ocrx_word' id='word_1_87' title='bbox 705 978 897 1043; x_wconf 81' lang='lat' dir='ltr'>promulgatae</span> <span class='ocrx_word' id='word_1_88' title='bbox 915 983 987 1028; x_wconf 89' lang='lat' dir='ltr'>sunt.</span> <span class='ocrx_word' id='word_1_89' title='bbox 1012 979 1078 1028; x_wconf 89' lang='lat' dir='ltr'>Mihi</span> 
     </span>
     <span class='ocr_line' id='line_1_15' title="bbox 356 1044 1078 1111; baseline -0.006 -15"><span class='ocrx_word' id='word_1_90' title='bbox 356 1051 407 1108; x_wconf 83' lang='lat' dir='ltr'>cst,</span> <span class='ocrx_word' id='word_1_91' title='bbox 427 1047 563 1096; x_wconf 82' lang='lat' dir='ltr'>exstincto</span> <span class='ocrx_word' id='word_1_92' title='bbox 582 1046 689 1096; x_wconf 90' lang='lat' dir='ltr'>demum</span> <span class='ocrx_word' id='word_1_93' title='bbox 708 1049 824 1111; x_wconf 89' lang='lat' dir='ltr'>imperio</span> <span class='ocrx_word' id='word_1_94' title='bbox 847 1045 897 1096; x_wconf 91' lang='lat' dir='ltr'>sub</span> <span class='ocrx_word' id='word_1_95' title='bbox 921 1044 1003 1094; x_wconf 88' lang='lat' dir='ltr'>finem</span> <span class='ocrx_word' id='word_1_96' title='bbox 1024 1061 1078 1095; x_wconf 77' lang='lat' dir='ltr'>seor</span> 
     </span>
     <span class='ocr_line' id='line_1_16' title="bbox 357 1113 1078 1179; baseline -0.003 -18"><span class='ocrx_word' id='word_1_97' title='bbox 357 1115 463 1177; x_wconf 84' lang='lat' dir='ltr'>scripta</span> <span class='ocrx_word' id='word_1_98' title='bbox 482 1128 557 1179; x_wconf 82' lang='lat' dir='ltr'>esso,</span> <span class='ocrx_word' id='word_1_99' title='bbox 576 1119 607 1164; x_wconf 90' lang='lat' dir='ltr'>ut</span> <span class='ocrx_word' id='word_1_100' title='bbox 625 1115 675 1170; x_wconf 84' lang='lat' dir='ltr'>sub</span> <span class='ocrx_word' id='word_1_101' title='bbox 695 1119 833 1164; x_wconf 78' lang='lat' dir='ltr'>‘summae</span> <span class='ocrx_word' id='word_1_102' title='bbox 857 1113 1020 1177; x_wconf 87' lang='lat' dir='ltr'>potestatis’</span> <span class='ocrx_word' id='word_1_103' title='bbox 1045 1129 1078 1178; x_wconf 85' lang='lat' dir='ltr'>ap</span> 
     </span>
     <span class='ocr_line' id='line_1_17' title="bbox 355 1179 1078 1246; baseline -0.003 -16"><span class='ocrx_word' id='word_1_104' title='bbox 355 1181 450 1243; x_wconf 86' lang='lat' dir='ltr'>etqui</span> <span class='ocrx_word' id='word_1_105' title='bbox 469 1181 628 1246; x_wconf 83' lang='lat' dir='ltr'>‘princeps&#39;</span> <span class='ocrx_word' id='word_1_106' title='bbox 648 1182 750 1232; x_wconf 89' lang='lat' dir='ltr'>dicitur</span> <span class='ocrx_word' id='word_1_107' title='bbox 768 1198 792 1234; x_wconf 92' lang='lat' dir='ltr'>c.</span> <span class='ocrx_word' id='word_1_108' title='bbox 811 1182 836 1230; x_wconf 86' lang='grc'>6.</span> <span class='ocrx_word' id='word_1_109' title='bbox 856 1183 885 1230; x_wconf 86' lang='lat' dir='ltr'>et</span> <span class='ocrx_word' id='word_1_110' title='bbox 903 1182 927 1230; x_wconf 77' lang='lat'>7.</span> <span class='ocrx_word' id='word_1_111' title='bbox 951 1195 999 1230; x_wconf 85' lang='lat' dir='ltr'>rex</span> <span class='ocrx_word' id='word_1_112' title='bbox 1022 1179 1078 1244; x_wconf 54' lang='lat' dir='ltr'>aliq,</span> 
     </span>
     <span class='ocr_line' id='line_1_18' title="bbox 355 1247 1078 1312; baseline 0 -14"><span class='ocrx_word' id='word_1_113' title='bbox 355 1250 492 1312; x_wconf 76' lang='lat' dir='ltr'>potatoris</span> <span class='ocrx_word' id='word_1_114' title='bbox 518 1249 634 1298; x_wconf 86' lang='lat' dir='ltr'>Romani</span> <span class='ocrx_word' id='word_1_115' title='bbox 659 1254 715 1298; x_wconf 89' lang='lat' dir='ltr'>tum</span> <span class='ocrx_word' id='word_1_116' title='bbox 741 1251 830 1299; x_wconf 86' lang='lat' dir='ltr'>vicem</span> <span class='ocrx_word' id='word_1_117' title='bbox 857 1247 995 1300; x_wconf 89' lang='lat' dir='ltr'>obtinens.</span> <span class='ocrx_word' id='word_1_118' title='bbox 1039 1248 1078 1298; x_wconf 85' lang='lat' dir='ltr'>Hc</span> 
     </span>
     <span class='ocr_line' id='line_1_19' title="bbox 355 1315 1078 1380; baseline 0 -16"><span class='ocrx_word' id='word_1_119' title='bbox 355 1315 507 1380; x_wconf 80' lang='lat' dir='ltr'>complures</span> <span class='ocrx_word' id='word_1_120' title='bbox 530 1316 638 1380; x_wconf 81' lang='lat' dir='ltr'>iudices</span> <span class='ocrx_word' id='word_1_121' title='bbox 660 1317 721 1367; x_wconf 87' lang='lat' dir='ltr'>loco</span> <span class='ocrx_word' id='word_1_122' title='bbox 745 1319 839 1377; x_wconf 84' lang='lat' dir='ltr'>unius,</span> <span class='ocrx_word' id='word_1_123' title='bbox 868 1329 983 1379; x_wconf 87' lang='lat' dir='ltr'>quorum</span> <span class='ocrx_word' id='word_1_124' title='bbox 1004 1319 1078 1366; x_wconf 79' lang='lat' dir='ltr'>sonte</span> 
     </span>
     <span class='ocr_line' id='line_1_20' title="bbox 356 1382 1077 1450; baseline 0 -18"><span class='ocrx_word' id='word_1_125' title='bbox 356 1384 504 1432; x_wconf 86' lang='lat' dir='ltr'>secundum</span> <span class='ocrx_word' id='word_1_126' title='bbox 523 1400 545 1436; x_wconf 92' lang='lat' dir='ltr'>c.</span> <span class='ocrx_word' id='word_1_127' title='bbox 565 1387 603 1445; x_wconf 78' lang='lat'>7.;</span> <span class='ocrx_word' id='word_1_128' title='bbox 623 1387 669 1450; x_wconf 92' lang='lat' dir='ltr'>qui</span> <span class='ocrx_word' id='word_1_129' title='bbox 689 1401 749 1434; x_wconf 88' lang='lat' dir='ltr'>cum</span> <span class='ocrx_word' id='word_1_130' title='bbox 768 1388 861 1434; x_wconf 85' lang='lat' dir='ltr'>stante</span> <span class='ocrx_word' id='word_1_131' title='bbox 879 1384 995 1447; x_wconf 83' lang='lat' dir='ltr'>imperio</span> <span class='ocrx_word' id='word_1_132' title='bbox 1015 1382 1077 1447; x_wconf 87' lang='lat' dir='ltr'>(cxc</span> 
     </span>
     <span class='ocr_line' id='line_1_21' title="bbox 355 1449 1074 1510; baseline 0 -10"><span class='ocrx_word' id='word_1_133' title='bbox 355 1452 406 1500; x_wconf 86' lang='lat' dir='ltr'>bus</span> <span class='ocrx_word' id='word_1_134' title='bbox 432 1453 523 1502; x_wconf 90' lang='lat' dir='ltr'>causis</span> <span class='ocrx_word' id='word_1_135' title='bbox 541 1453 573 1502; x_wconf 87' lang='lat' dir='ltr'>L.</span> <span class='ocrx_word' id='word_1_136' title='bbox 595 1454 634 1502; x_wconf 93' lang='grc'>12.</span> <span class='ocrx_word' id='word_1_137' title='bbox 659 1453 709 1502; x_wconf 87' lang='lat' dir='ltr'>Th.</span> <span class='ocrx_word' id='word_1_138' title='bbox 730 1451 760 1504; x_wconf 84' lang='lat' dir='ltr'>C.</span> <span class='ocrx_word' id='word_1_139' title='bbox 785 1451 817 1501; x_wconf 89' lang='lat' dir='ltr'>de</span> <span class='ocrx_word' id='word_1_140' title='bbox 840 1449 935 1500; x_wconf 88' lang='lat' dir='ltr'>iurisd.</span> <span class='ocrx_word' id='word_1_141' title='bbox 954 1453 981 1510; x_wconf 91' lang='grc'>2,</span> <span class='ocrx_word' id='word_1_142' title='bbox 1002 1453 1024 1500; x_wconf 95' lang='grc'>1.</span> <span class='ocrx_word' id='word_1_143' title='bbox 1052 1452 1074 1500; x_wconf 89' lang='lat' dir='ltr'>L</span> 
     </span>
     <span class='ocr_line' id='line_1_22' title="bbox 356 1517 1078 1583; baseline 0 -15"><span class='ocrx_word' id='word_1_144' title='bbox 356 1519 447 1568; x_wconf 79' lang='lat' dir='ltr'>accus.</span> <span class='ocrx_word' id='word_1_145' title='bbox 471 1521 500 1579; x_wconf 83' lang='lat'>9,</span> <span class='ocrx_word' id='word_1_146' title='bbox 522 1520 543 1568; x_wconf 89' lang='lat' dir='ltr'>l.</span> <span class='ocrx_word' id='word_1_147' title='bbox 573 1519 699 1572; x_wconf 80' lang='lat' dir='ltr'>Cassiod.</span> <span class='ocrx_word' id='word_1_148' title='bbox 723 1521 787 1570; x_wconf 78' lang='lat' dir='ltr'>Ver.</span> <span class='ocrx_word' id='word_1_149' title='bbox 807 1520 837 1582; x_wconf 86' lang='lat'>4,</span> <span class='ocrx_word' id='word_1_150' title='bbox 861 1517 915 1582; x_wconf 86' lang='grc'>23.)</span> <span class='ocrx_word' id='word_1_151' title='bbox 941 1519 1078 1583; x_wconf 72' lang='lat' dir='ltr'>ignorares</span> 
     </span>
     <span class='ocr_line' id='line_1_23' title="bbox 355 1585 1073 1651; baseline 0 -17"><span class='ocrx_word' id='word_1_152' title='bbox 355 1600 395 1650; x_wconf 77' lang='lat' dir='ltr'>gr.</span> <span class='ocrx_word' id='word_1_153' title='bbox 422 1587 450 1634; x_wconf 91' lang='lat' dir='ltr'>in</span> <span class='ocrx_word' id='word_1_154' title='bbox 478 1601 564 1636; x_wconf 81' lang='lat' dir='ltr'>causa</span> <span class='ocrx_word' id='word_1_155' title='bbox 588 1588 672 1638; x_wconf 81' lang='lat' dir='ltr'>Gothi</span> <span class='ocrx_word' id='word_1_156' title='bbox 695 1593 723 1637; x_wconf 89' lang='lat' dir='ltr'>et</span> <span class='ocrx_word' id='word_1_157' title='bbox 744 1586 862 1636; x_wconf 87' lang='lat' dir='ltr'>Romani</span> <span class='ocrx_word' id='word_1_158' title='bbox 886 1585 938 1634; x_wconf 88' lang='lat' dir='ltr'>duo</span> <span class='ocrx_word' id='word_1_159' title='bbox 966 1601 1073 1651; x_wconf 88' lang='lat' dir='ltr'>semper</span> 
     </span>
     <span class='ocr_line' id='line_1_24' title="bbox 355 1653 1078 1716; baseline -0.006 -14"><span class='ocrx_word' id='word_1_160' title='bbox 355 1653 481 1705; x_wconf 82' lang='lat' dir='ltr'>Cassiod.</span> <span class='ocrx_word' id='word_1_161' title='bbox 498 1655 564 1706; x_wconf 66' lang='lat' dir='ltr'>Vara</span> <span class='ocrx_word' id='word_1_162' title='bbox 584 1659 611 1716; x_wconf 73' lang='lat'>7,</span> <span class='ocrx_word' id='word_1_163' title='bbox 632 1659 656 1708; x_wconf 86' lang='lat'>3.</span> <span class='ocrx_word' id='word_1_164' title='bbox 696 1654 882 1716; x_wconf 86' lang='lat' dir='ltr'>Eiusdemque</span> <span class='ocrx_word' id='word_1_165' title='bbox 909 1656 972 1703; x_wconf 85' lang='lat' dir='ltr'>aevi</span> <span class='ocrx_word' id='word_1_166' title='bbox 995 1659 1050 1716; x_wconf 89' lang='lat' dir='ltr'>est,</span> <span class='ocrx_word' id='word_1_167' title='bbox 1076 1675 1078 1698; x_wconf 74' lang='grc' dir='ltr'>ι</span> 
     </span>
     <span class='ocr_line' id='line_1_25' title="bbox 355 1721 1078 1786; baseline -0.004 -16"><span class='ocrx_word' id='word_1_168' title='bbox 355 1735 378 1772; x_wconf 91' lang='lat' dir='ltr'>o.</span> <span class='ocrx_word' id='word_1_169' title='bbox 396 1723 421 1770; x_wconf 79' lang='grc' dir='ltr'>ὁ.</span> <span class='ocrx_word' id='word_1_170' title='bbox 441 1726 469 1770; x_wconf 86' lang='lat' dir='ltr'>ot</span> <span class='ocrx_word' id='word_1_171' title='bbox 486 1725 510 1772; x_wconf 83' lang='lat'>6.</span> <span class='ocrx_word' id='word_1_172' title='bbox 530 1722 593 1772; x_wconf 89' lang='lat' dir='ltr'>lites</span> <span class='ocrx_word' id='word_1_173' title='bbox 612 1737 667 1772; x_wconf 88' lang='lat' dir='ltr'>non</span> <span class='ocrx_word' id='word_1_174' title='bbox 690 1722 913 1783; x_wconf 68' lang='lat' dir='ltr'>denuntiatione,</span> <span class='ocrx_word' id='word_1_175' title='bbox 938 1721 1038 1786; x_wconf 87' lang='lat' dir='ltr'>quippe</span> <span class='ocrx_word' id='word_1_176' title='bbox 1063 1722 1078 1784; x_wconf 80' lang='grc' dir='ltr'>(ι</span> 
     </span>
     <span class='ocr_line' id='line_1_26' title="bbox 355 1788 1078 1856; baseline 0.003 -19"><span class='ocrx_word' id='word_1_177' title='bbox 355 1788 477 1850; x_wconf 86' lang='lat' dir='ltr'>spectas)</span> <span class='ocrx_word' id='word_1_178' title='bbox 496 1803 548 1838; x_wconf 86' lang='lat' dir='ltr'>usu</span> <span class='ocrx_word' id='word_1_179' title='bbox 570 1791 626 1838; x_wconf 86' lang='lat' dir='ltr'>iam</span> <span class='ocrx_word' id='word_1_180' title='bbox 650 1791 798 1856; x_wconf 82' lang='lat' dir='ltr'>abrogata,</span> <span class='ocrx_word' id='word_1_181' title='bbox 823 1788 872 1838; x_wconf 88' lang='lat' dir='ltr'>sed</span> <span class='ocrx_word' id='word_1_182' title='bbox 895 1802 944 1852; x_wconf 86' lang='lat' dir='ltr'>per</span> <span class='ocrx_word' id='word_1_183' title='bbox 967 1789 1078 1839; x_wconf 65' lang='lat' dir='ltr'>actioni!</span> 
     </span>
     <span class='ocr_line' id='line_1_27' title="bbox 354 1855 1078 1920; baseline -0.003 -16"><span class='ocrx_word' id='word_1_184' title='bbox 354 1855 528 1918; x_wconf 85' lang='lat' dir='ltr'>subscriptae</span> <span class='ocrx_word' id='word_1_185' title='bbox 554 1856 701 1908; x_wconf 85' lang='lat' dir='ltr'>editionem</span> <span class='ocrx_word' id='word_1_186' title='bbox 730 1860 873 1908; x_wconf 85' lang='lat' dir='ltr'>moventur</span> <span class='ocrx_word' id='word_1_187' title='bbox 898 1856 1012 1920; x_wconf 86' lang='lat' dir='ltr'>perinde</span> <span class='ocrx_word' id='word_1_188' title='bbox 1036 1860 1078 1920; x_wconf 59' lang='lat' dir='ltr'>atr]</span> 
     </span>
     <span class='ocr_line' id='line_1_28' title="bbox 354 1919 1078 1990; baseline 0.001 -20"><span class='ocrx_word' id='word_1_189' title='bbox 354 1919 440 1985; x_wconf 85' lang='lat' dir='ltr'>Burg.</span> <span class='ocrx_word' id='word_1_190' title='bbox 453 1923 499 1969; x_wconf 67' lang='lat' dir='ltr'>cit,</span> <span class='ocrx_word' id='word_1_191' title='bbox 509 1923 557 1972; x_wconf 90' lang='lat' dir='ltr'>XI.</span> <span class='ocrx_word' id='word_1_192' title='bbox 571 1926 773 1990; x_wconf 88' lang='lat' dir='ltr'>praescriptum</span> <span class='ocrx_word' id='word_1_193' title='bbox 792 1931 845 1983; x_wconf 88' lang='lat' dir='ltr'>est,</span> <span class='ocrx_word' id='word_1_194' title='bbox 866 1927 894 1972; x_wconf 91' lang='lat' dir='ltr'>et</span> <span class='ocrx_word' id='word_1_195' title='bbox 906 1922 1078 1978; x_wconf 69' lang='lat' dir='ltr'>similitervzl</span> 
     </span>
     <span class='ocr_line' id='line_1_29' title="bbox 354 1989 1078 2053; baseline 0.006 -17"><span class='ocrx_word' id='word_1_196' title='bbox 354 1989 511 2037; x_wconf 83' lang='lat' dir='ltr'>tiationem’</span> <span class='ocrx_word' id='word_1_197' title='bbox 533 1991 670 2053; x_wconf 84' lang='lat' dir='ltr'>ignorant.</span> <span class='ocrx_word' id='word_1_198' title='bbox 700 1993 761 2042; x_wconf 85' lang='lat' dir='ltr'>Vid.</span> <span class='ocrx_word' id='word_1_199' title='bbox 784 1990 1078 2052; x_wconf 66' lang='lat' dir='ltr'>Bethmann·Hollwe1</span> 
     </span>
     <span class='ocr_line' id='line_1_30' title="bbox 353 2056 1078 2122; baseline 0.006 -17"><span class='ocrx_word' id='word_1_200' title='bbox 353 2071 380 2105; x_wconf 87' lang='lat' dir='ltr'>u.</span> <span class='ocrx_word' id='word_1_201' title='bbox 399 2056 516 2104; x_wconf 88' lang='lat' dir='ltr'>Process</span> <span class='ocrx_word' id='word_1_202' title='bbox 539 2073 566 2120; x_wconf 85' lang='lat' dir='ltr'>p.</span> <span class='ocrx_word' id='word_1_203' title='bbox 585 2060 634 2108; x_wconf 79' lang='lat'>252</span> <span class='ocrx_word' id='word_1_204' title='bbox 652 2073 710 2122; x_wconf 89' lang='lat' dir='ltr'>seq.</span> <span class='ocrx_word' id='word_1_205' title='bbox 752 2057 889 2109; x_wconf 79' lang='lat' dir='ltr'>Convenit</span> <span class='ocrx_word' id='word_1_206' title='bbox 911 2058 1009 2120; x_wconf 87' lang='lat' dir='ltr'>etiam,</span> <span class='ocrx_word' id='word_1_207' title='bbox 1034 2074 1078 2122; x_wconf 86' lang='lat' dir='ltr'>qu:</span> 
     </span>
     <span class='ocr_line' id='line_1_31' title="bbox 355 2122 1078 2189; baseline 0.003 -17"><span class='ocrx_word' id='word_1_208' title='bbox 355 2122 385 2172; x_wconf 83' lang='lat' dir='ltr'>O.</span> <span class='ocrx_word' id='word_1_209' title='bbox 404 2123 437 2172; x_wconf 92' lang='lat' dir='ltr'>de</span> <span class='ocrx_word' id='word_1_210' title='bbox 456 2128 530 2187; x_wconf 83' lang='lat' dir='ltr'>pact.</span> <span class='ocrx_word' id='word_1_211' title='bbox 550 2129 578 2174; x_wconf 89' lang='lat' dir='ltr'>et</span> <span class='ocrx_word' id='word_1_212' title='bbox 595 2129 727 2176; x_wconf 83' lang='lat' dir='ltr'>transsct.</span> <span class='ocrx_word' id='word_1_213' title='bbox 748 2126 781 2189; x_wconf 89' lang='grc'>(2,</span> <span class='ocrx_word' id='word_1_214' title='bbox 795 2123 822 2189; x_wconf 88' lang='grc'>9)</span> <span class='ocrx_word' id='word_1_215' title='bbox 843 2124 876 2172; x_wconf 88' lang='lat' dir='ltr'>de</span> <span class='ocrx_word' id='word_1_216' title='bbox 896 2139 927 2173; x_wconf 92' lang='lat' dir='ltr'>eo</span> <span class='ocrx_word' id='word_1_217' title='bbox 945 2126 1078 2188; x_wconf 71' lang='lat' dir='ltr'>praescrijg</span> 
     </span>
     <span class='ocr_line' id='line_1_32' title="bbox 353 2191 1078 2258; baseline 0.003 -18"><span class='ocrx_word' id='word_1_218' title='bbox 353 2191 408 2240; x_wconf 89' lang='lat' dir='ltr'>Dei</span> <span class='ocrx_word' id='word_1_219' title='bbox 425 2191 534 2240; x_wconf 87' lang='lat' dir='ltr'>nomine</span> <span class='ocrx_word' id='word_1_220' title='bbox 551 2192 681 2243; x_wconf 85' lang='lat' dir='ltr'>invocato</span> <span class='ocrx_word' id='word_1_221' title='bbox 704 2194 842 2258; x_wconf 84' lang='lat' dir='ltr'>promisit,</span> <span class='ocrx_word' id='word_1_222' title='bbox 866 2205 920 2240; x_wconf 88' lang='lat' dir='ltr'>non</span> <span class='ocrx_word' id='word_1_223' title='bbox 939 2196 1078 2242; x_wconf 83' lang='lat' dir='ltr'>servaveri</span> 
     </span>
     <span class='ocr_line' id='line_1_33' title="bbox 355 2257 1078 2326; baseline 0.004 -19"><span class='ocrx_word' id='word_1_224' title='bbox 355 2273 389 2307; x_wconf 84' lang='lat' dir='ltr'>nc</span> <span class='ocrx_word' id='word_1_225' title='bbox 406 2259 439 2308; x_wconf 86' lang='lat' dir='ltr'>L.</span> <span class='ocrx_word' id='word_1_226' title='bbox 458 2257 536 2308; x_wconf 87' lang='lat' dir='ltr'>Rom.</span> <span class='ocrx_word' id='word_1_227' title='bbox 558 2260 642 2326; x_wconf 84' lang='lat' dir='ltr'>Burg.</span> <span class='ocrx_word' id='word_1_228' title='bbox 666 2262 709 2311; x_wconf 88' lang='lat' dir='ltr'>tit.</span> <span class='ocrx_word' id='word_1_229' title='bbox 727 2259 881 2310; x_wconf 81' lang='lat' dir='ltr'>XXXVIII.</span> <span class='ocrx_word' id='word_1_230' title='bbox 906 2259 941 2306; x_wconf 85' lang='lat' dir='ltr'>ad</span> <span class='ocrx_word' id='word_1_231' title='bbox 963 2275 1041 2309; x_wconf 88' lang='lat' dir='ltr'>omne</span> <span class='ocrx_word' id='word_1_232' title='bbox 1065 2277 1078 2324; x_wconf 80' lang='lat' dir='ltr'>p</span> 
     </span>
    </p>
   </div>
   <div class='ocr_carea' id='block_1_4' title="bbox 346 2325 1078 2393">
    <p class='ocr_par' dir='ltr' id='par_1_4' title="bbox 346 2325 1078 2393">
     <span class='ocr_line' id='line_1_34' title="bbox 346 2325 1078 2393; baseline 0.004 -19"><span class='ocrx_word' id='word_1_233' title='bbox 346 2332 411 2375; x_wconf 76' lang='lat' dir='ltr'>tum</span> <span class='ocrx_word' id='word_1_234' title='bbox 430 2325 539 2390; x_wconf 83' lang='lat' dir='ltr'>legitur.</span> <span class='ocrx_word' id='word_1_235' title='bbox 577 2327 631 2378; x_wconf 80' lang='lat' dir='ltr'>Sed</span> <span class='ocrx_word' id='word_1_236' title='bbox 656 2334 683 2378; x_wconf 88' lang='lat' dir='ltr'>et</span> <span class='ocrx_word' id='word_1_237' title='bbox 702 2329 829 2393; x_wconf 78' lang='lat' dir='ltr'>singulae</span> <span class='ocrx_word' id='word_1_238' title='bbox 852 2326 990 2377; x_wconf 80' lang='lat' dir='ltr'>dictiones</span> <span class='ocrx_word' id='word_1_239' title='bbox 1013 2329 1078 2378; x_wconf 79' lang='lat' dir='ltr'>enni</span> 
     </span>
    </p>
   </div>
   <div class='ocr_carea' id='block_1_5' title="bbox 352 2393 1078 3135">
    <p class='ocr_par' dir='ltr' id='par_1_5' title="bbox 352 2393 1078 3135">
     <span class='ocr_line' id='line_1_35' title="bbox 353 2393 1078 2459; baseline 0.006 -17"><span class='ocrx_word' id='word_1_240' title='bbox 353 2393 481 2442; x_wconf 81' lang='lat' dir='ltr'>videntur</span> <span class='ocrx_word' id='word_1_241' title='bbox 494 2393 664 2459; x_wconf 86' lang='lat' dir='ltr'>confirmare,</span> <span class='ocrx_word' id='word_1_242' title='bbox 684 2397 759 2448; x_wconf 85' lang='lat' dir='ltr'>velut</span> <span class='ocrx_word' id='word_1_243' title='bbox 776 2399 842 2446; x_wconf 78' lang='lat' dir='ltr'>sicut</span> <span class='ocrx_word' id='word_1_244' title='bbox 853 2402 893 2444; x_wconf 77' lang='lat' dir='ltr'>est</span> <span class='ocrx_word' id='word_1_245' title='bbox 906 2397 985 2458; x_wconf 74' lang='lat' dir='ltr'>[epum</span> <span class='ocrx_word' id='word_1_246' title='bbox 1003 2411 1036 2446; x_wconf 83' lang='lat' dir='ltr'>ex</span> <span class='ocrx_word' id='word_1_247' title='bbox 1054 2411 1078 2446; x_wconf 62' lang='lat' dir='ltr'>rc</span> 
     </span>
     <span class='ocr_line' id='line_1_36' title="bbox 355 2461 1062 2528; baseline 0.007 -20"><span class='ocrx_word' id='word_1_248' title='bbox 355 2475 380 2510; x_wconf 88' lang='lat' dir='ltr'>c.</span> <span class='ocrx_word' id='word_1_249' title='bbox 399 2464 423 2521; x_wconf 90' lang='lat'>3,</span> <span class='ocrx_word' id='word_1_250' title='bbox 444 2463 467 2511; x_wconf 84' lang='lat'>2.</span> <span class='ocrx_word' id='word_1_251' title='bbox 486 2477 535 2525; x_wconf 90' lang='lat' dir='ltr'>pro</span> <span class='ocrx_word' id='word_1_252' title='bbox 554 2462 674 2528; x_wconf 77' lang='lat' dir='ltr'>‘legibus</span> <span class='ocrx_word' id='word_1_253' title='bbox 694 2464 832 2515; x_wconf 88' lang='lat' dir='ltr'>convenit‘</span> <span class='ocrx_word' id='word_1_254' title='bbox 853 2461 915 2512; x_wconf 90' lang='lat' dir='ltr'>coll.</span> <span class='ocrx_word' id='word_1_255' title='bbox 935 2461 966 2513; x_wconf 91' lang='lat' dir='ltr'>L.</span> <span class='ocrx_word' id='word_1_256' title='bbox 984 2464 1062 2513; x_wconf 86' lang='lat' dir='ltr'>Rom.</span> 
     </span>
     <span class='ocr_line' id='line_1_37' title="bbox 352 2527 1078 2596; baseline 0.006 -20"><span class='ocrx_word' id='word_1_257' title='bbox 352 2527 496 2589; x_wconf 86' lang='lat' dir='ltr'>XXXHI.;</span> <span class='ocrx_word' id='word_1_258' title='bbox 514 2533 657 2582; x_wconf 79' lang='lat' dir='ltr'>satisdator</span> <span class='ocrx_word' id='word_1_259' title='bbox 676 2548 699 2585; x_wconf 83' lang='lat' dir='ltr'>c.</span> <span class='ocrx_word' id='word_1_260' title='bbox 713 2536 737 2595; x_wconf 87' lang='lat'>3,</span> <span class='ocrx_word' id='word_1_261' title='bbox 758 2535 780 2583; x_wconf 84' lang='lat'>1.</span> <span class='ocrx_word' id='word_1_262' title='bbox 806 2545 854 2596; x_wconf 89' lang='lat' dir='ltr'>pro</span> <span class='ocrx_word' id='word_1_263' title='bbox 877 2529 1038 2580; x_wconf 86' lang='lat' dir='ltr'>fideiussore</span> <span class='ocrx_word' id='word_1_264' title='bbox 1058 2547 1078 2580; x_wconf 69' lang='lat' dir='ltr'>cr</span> 
     </span>
     <span class='ocr_line' id='line_1_38' title="bbox 353 2594 1078 2663; baseline 0.007 -19"><span class='ocrx_word' id='word_1_265' title='bbox 353 2595 432 2646; x_wconf 81' lang='lat' dir='ltr'>Paul.</span> <span class='ocrx_word' id='word_1_266' title='bbox 447 2594 475 2647; x_wconf 78' lang='lat' dir='ltr'>S.</span> <span class='ocrx_word' id='word_1_267' title='bbox 488 2595 519 2644; x_wconf 87' lang='lat' dir='ltr'>R.</span> <span class='ocrx_word' id='word_1_268' title='bbox 535 2599 558 2659; x_wconf 88' lang='lat' dir='ltr'>l,</span> <span class='ocrx_word' id='word_1_269' title='bbox 573 2600 612 2648; x_wconf 88' lang='lat'>11.</span> <span class='ocrx_word' id='word_1_270' title='bbox 627 2598 675 2663; x_wconf 66' lang='lat'>88.</span> <span class='ocrx_word' id='word_1_271' title='bbox 689 2602 711 2652; x_wconf 92' lang='lat'>1.</span> <span class='ocrx_word' id='word_1_272' title='bbox 724 2602 763 2661; x_wconf 87' lang='grc'>2.;</span> <span class='ocrx_word' id='word_1_273' title='bbox 782 2602 845 2650; x_wconf 76' lang='lat' dir='ltr'>iuris</span> <span class='ocrx_word' id='word_1_274' title='bbox 856 2598 981 2658; x_wconf 81' lang='lat' dir='ltr'>formulae</span> <span class='ocrx_word' id='word_1_275' title='bbox 997 2615 1020 2648; x_wconf 88' lang='lat' dir='ltr'>c.</span> <span class='ocrx_word' id='word_1_276' title='bbox 1034 2600 1058 2660; x_wconf 79' lang='grc'>7,</span> <span class='ocrx_word' id='word_1_277' title='bbox 1076 2603 1078 2649; x_wconf 81' lang='lat' dir='ltr'>i</span> 
     </span>
     <span class='ocr_line' id='line_1_39' title="bbox 356 2662 1065 2716; baseline 0.003 -4"><span class='ocrx_word' id='word_1_278' title='bbox 356 2678 389 2712; x_wconf 79' lang='lat' dir='ltr'>ex</span> <span class='ocrx_word' id='word_1_279' title='bbox 406 2662 485 2712; x_wconf 86' lang='lat' dir='ltr'>libris</span> <span class='ocrx_word' id='word_1_280' title='bbox 503 2664 570 2714; x_wconf 87' lang='lat' dir='ltr'>iuris</span> <span class='ocrx_word' id='word_1_281' title='bbox 588 2669 715 2716; x_wconf 81' lang='lat' dir='ltr'>recitatis</span> <span class='ocrx_word' id='word_1_282' title='bbox 735 2666 796 2716; x_wconf 88' lang='lat' dir='ltr'>coll.</span> <span class='ocrx_word' id='word_1_283' title='bbox 817 2666 979 2715; x_wconf 83' lang='lat' dir='ltr'>Commonit.</span> <span class='ocrx_word' id='word_1_284' title='bbox 993 2667 1065 2716; x_wconf 88' lang='lat' dir='ltr'>Brev</span> 
     </span>
     <span class='ocr_line' id='line_1_40' title="bbox 352 2730 1067 2798; baseline 0.003 -18"><span class='ocrx_word' id='word_1_285' title='bbox 352 2732 453 2780; x_wconf 83' lang='lat' dir='ltr'>nomine</span> <span class='ocrx_word' id='word_1_286' title='bbox 471 2730 551 2781; x_wconf 90' lang='lat' dir='ltr'>initio</span> <span class='ocrx_word' id='word_1_287' title='bbox 571 2748 593 2780; x_wconf 92' lang='lat' dir='ltr'>c.</span> <span class='ocrx_word' id='word_1_288' title='bbox 612 2737 634 2783; x_wconf 82' lang='lat'>4.</span> <span class='ocrx_word' id='word_1_289' title='bbox 655 2739 683 2783; x_wconf 90' lang='lat' dir='ltr'>et</span> <span class='ocrx_word' id='word_1_290' title='bbox 699 2737 735 2795; x_wconf 83' lang='grc'>5.,</span> <span class='ocrx_word' id='word_1_291' title='bbox 756 2735 876 2797; x_wconf 85' lang='lat' dir='ltr'>qualiter</span> <span class='ocrx_word' id='word_1_292' title='bbox 895 2732 979 2780; x_wconf 90' lang='lat' dir='ltr'>etiam</span> <span class='ocrx_word' id='word_1_293' title='bbox 1002 2733 1067 2798; x_wconf 68' lang='lat' dir='ltr'>incip</span> 
     </span>
     <span class='ocr_line' id='line_1_41' title="bbox 352 2799 1064 2864; baseline 0.001 -16"><span class='ocrx_word' id='word_1_294' title='bbox 352 2799 384 2848; x_wconf 83' lang='lat' dir='ltr'>L.</span> <span class='ocrx_word' id='word_1_295' title='bbox 398 2799 495 2863; x_wconf 80' lang='lat' dir='ltr'>Burg.;</span> <span class='ocrx_word' id='word_1_296' title='bbox 514 2799 559 2848; x_wconf 81' lang='lat' dir='ltr'>sub</span> <span class='ocrx_word' id='word_1_297' title='bbox 576 2802 772 2862; x_wconf 66' lang='lat' dir='ltr'>innuerent,</span> <span class='ocrx_word' id='word_1_298' title='bbox 788 2804 810 2850; x_wconf 87' lang='lat'>1.</span> <span class='ocrx_word' id='word_1_299' title='bbox 831 2815 879 2864; x_wconf 91' lang='lat' dir='ltr'>pro</span> <span class='ocrx_word' id='word_1_300' title='bbox 897 2799 965 2848; x_wconf 86' lang='lat' dir='ltr'>iuris</span> <span class='ocrx_word' id='word_1_301' title='bbox 983 2800 1064 2849; x_wconf 88' lang='lat' dir='ltr'>titulo</span> 
     </span>
     <span class='ocr_line' id='line_1_42' title="bbox 354 2865 1067 2932; baseline 0 -16"><span class='ocrx_word' id='word_1_302' title='bbox 354 2865 402 2930; x_wconf 89' lang='lat' dir='ltr'>(cf.</span> <span class='ocrx_word' id='word_1_303' title='bbox 415 2867 550 2931; x_wconf 77' lang='lat' dir='ltr'>Ducsnge</span> <span class='ocrx_word' id='word_1_304' title='bbox 565 2883 586 2916; x_wconf 90' lang='lat' dir='ltr'>s.</span> <span class='ocrx_word' id='word_1_305' title='bbox 600 2867 651 2932; x_wconf 87' lang='lat' dir='ltr'>v.);</span> <span class='ocrx_word' id='word_1_306' title='bbox 670 2870 781 2932; x_wconf 76' lang='lat' dir='ltr'>bospitio</span> <span class='ocrx_word' id='word_1_307' title='bbox 794 2868 858 2920; x_wconf 90' lang='lat' dir='ltr'>ibid.</span> <span class='ocrx_word' id='word_1_308' title='bbox 873 2881 921 2931; x_wconf 93' lang='lat' dir='ltr'>pro</span> <span class='ocrx_word' id='word_1_309' title='bbox 934 2867 1067 2916; x_wconf 82' lang='lat' dir='ltr'>aediliciis</span> 
     </span>
     <span class='ocr_line' id='line_1_43' title="bbox 352 2933 1078 3000; baseline 0 -16"><span class='ocrx_word' id='word_1_310' title='bbox 352 2934 448 2984; x_wconf 86' lang='lat' dir='ltr'>villam</span> <span class='ocrx_word' id='word_1_311' title='bbox 467 2935 683 2999; x_wconf 82' lang='lat' dir='ltr'>pertinentibus,</span> <span class='ocrx_word' id='word_1_312' title='bbox 704 2953 773 3000; x_wconf 89' lang='lat' dir='ltr'>quac</span> <span class='ocrx_word' id='word_1_313' title='bbox 792 2936 904 2986; x_wconf 86' lang='lat' dir='ltr'>scilicet</span> <span class='ocrx_word' id='word_1_314' title='bbox 926 2933 1053 2985; x_wconf 89' lang='lat' dir='ltr'>barbaris</span> <span class='ocrx_word' id='word_1_315' title='bbox 1076 2952 1078 2984; x_wconf 86' lang='grc' dir='ltr'>ι</span> 
     </span>
     <span class='ocr_line' id='line_1_44' title="bbox 354 3001 1078 3068; baseline 0.003 -18"><span class='ocrx_word' id='word_1_316' title='bbox 354 3001 474 3051; x_wconf 83' lang='lat' dir='ltr'>talitatis</span> <span class='ocrx_word' id='word_1_317' title='bbox 497 3005 556 3052; x_wconf 88' lang='lat' dir='ltr'>iure</span> <span class='ocrx_word' id='word_1_318' title='bbox 575 3019 635 3054; x_wconf 88' lang='lat' dir='ltr'>cum</span> <span class='ocrx_word' id='word_1_319' title='bbox 655 3005 716 3068; x_wconf 83' lang='lat' dir='ltr'>agri</span> <span class='ocrx_word' id='word_1_320' title='bbox 738 3008 816 3068; x_wconf 87' lang='lat' dir='ltr'>parte</span> <span class='ocrx_word' id='word_1_321' title='bbox 836 3003 898 3053; x_wconf 85' lang='lat' dir='ltr'>cedi</span> <span class='ocrx_word' id='word_1_322' title='bbox 917 3003 999 3052; x_wconf 82' lang='lat' dir='ltr'>solita</span> <span class='ocrx_word' id='word_1_323' title='bbox 1012 3019 1078 3052; x_wconf 68' lang='lat' dir='ltr'>erari</span> 
     </span>
     <span class='ocr_line' id='line_1_45' title="bbox 354 3069 1078 3135; baseline 0.006 -19"><span class='ocrx_word' id='word_1_324' title='bbox 354 3069 492 3131; x_wconf 82' lang='lat' dir='ltr'>scriptura</span> <span class='ocrx_word' id='word_1_325' title='bbox 523 3070 570 3119; x_wconf 86' lang='lat' dir='ltr'>vel</span> <span class='ocrx_word' id='word_1_326' title='bbox 597 3072 715 3132; x_wconf 83' lang='lat' dir='ltr'>tabulis,</span> <span class='ocrx_word' id='word_1_327' title='bbox 738 3087 844 3122; x_wconf 67' lang='lat' dir='ltr'>autumus</span> <span class='ocrx_word' id='word_1_328' title='bbox 872 3073 1036 3134; x_wconf 79' lang='lat' dir='ltr'>pontificatus</span> <span class='ocrx_word' id='word_1_329' title='bbox 1064 3088 1078 3135; x_wconf 72' lang='lat' dir='ltr'>jl</span> 
     </span>
    </p>
   </div>
   <div class='ocr_carea' id='block_1_6' title="bbox 351 3237 1078 3438">
    <p class='ocr_par' dir='ltr' id='par_1_6' title="bbox 351 3237 1078 3438">
     <span class='ocr_line' id='line_1_46' title="bbox 423 3237 1078 3305; baseline -0.002 -16"><span class='ocrx_word' id='word_1_330' title='bbox 423 3237 441 3300; x_wconf 88' lang='lat'>¹)</span> <span class='ocrx_word' id='word_1_331' title='bbox 461 3241 525 3290; x_wconf 87' lang='lat' dir='ltr'>Idem</span> <span class='ocrx_word' id='word_1_332' title='bbox 544 3241 668 3290; x_wconf 84' lang='lat' dir='ltr'>dicendum</span> <span class='ocrx_word' id='word_1_333' title='bbox 687 3248 721 3290; x_wconf 85' lang='lat' dir='ltr'>est</span> <span class='ocrx_word' id='word_1_334' title='bbox 740 3241 769 3290; x_wconf 91' lang='lat' dir='ltr'>de</span> <span class='ocrx_word' id='word_1_335' title='bbox 788 3241 916 3305; x_wconf 85' lang='lat' dir='ltr'>‘principe’</span> <span class='ocrx_word' id='word_1_336' title='bbox 936 3241 959 3290; x_wconf 90' lang='lat' dir='ltr'>in</span> <span class='ocrx_word' id='word_1_337' title='bbox 978 3241 1078 3300; x_wconf 78' lang='lat' dir='ltr'>Legell:</span> 
     </span>
     <span class='ocr_line' id='line_1_47' title="bbox 354 3309 1065 3372; baseline -0.001 -16"><span class='ocrx_word' id='word_1_338' title='bbox 354 3309 457 3370; x_wconf 89' lang='lat' dir='ltr'>dequo,</span> <span class='ocrx_word' id='word_1_339' title='bbox 477 3310 498 3358; x_wconf 91' lang='lat' dir='ltr'>si</span> <span class='ocrx_word' id='word_1_340' title='bbox 517 3310 605 3372; x_wconf 80' lang='lat' dir='ltr'>placet,</span> <span class='ocrx_word' id='word_1_341' title='bbox 624 3309 670 3358; x_wconf 84' lang='lat' dir='ltr'>vid.</span> <span class='ocrx_word' id='word_1_342' title='bbox 689 3310 789 3370; x_wconf 79' lang='lat' dir='ltr'>Savigny</span> <span class='ocrx_word' id='word_1_343' title='bbox 808 3309 894 3360; x_wconf 88' lang='lat' dir='ltr'>Gescb.</span> <span class='ocrx_word' id='word_1_344' title='bbox 914 3309 938 3358; x_wconf 89' lang='lat' dir='ltr'>d.</span> <span class='ocrx_word' id='word_1_345' title='bbox 956 3309 1022 3356; x_wconf 79' lang='lat' dir='ltr'>Rom.</span> <span class='ocrx_word' id='word_1_346' title='bbox 1042 3309 1065 3355; x_wconf 86' lang='lat' dir='ltr'>lt.</span> 
     </span>
     <span class='ocr_line' id='line_1_48' title="bbox 351 3373 1078 3438; baseline -0.006 -14"><span class='ocrx_word' id='word_1_347' title='bbox 351 3373 372 3438; x_wconf 81' lang='lat'>²)</span> <span class='ocrx_word' id='word_1_348' title='bbox 392 3376 455 3433; x_wconf 78' lang='lat' dir='ltr'>Quae</span> <span class='ocrx_word' id='word_1_349' title='bbox 474 3377 543 3425; x_wconf 82' lang='lat' dir='ltr'>etism</span> <span class='ocrx_word' id='word_1_350' title='bbox 562 3377 674 3426; x_wconf 83' lang='lat' dir='ltr'>Momseni</span> <span class='ocrx_word' id='word_1_351' title='bbox 693 3377 808 3426; x_wconf 81' lang='lat' dir='ltr'>sententis·</span> <span class='ocrx_word' id='word_1_352' title='bbox 826 3385 862 3426; x_wconf 83' lang='lat' dir='ltr'>est</span> <span class='ocrx_word' id='word_1_353' title='bbox 879 3377 908 3425; x_wconf 85' lang='lat' dir='ltr'>sd</span> <span class='ocrx_word' id='word_1_354' title='bbox 926 3377 977 3438; x_wconf 90' lang='lat' dir='ltr'>Ulp.</span> <span class='ocrx_word' id='word_1_355' title='bbox 998 3376 1032 3424; x_wconf 78' lang='lat' dir='ltr'>ed:</span> <span class='ocrx_word' id='word_1_356' title='bbox 1047 3375 1078 3422; x_wconf 85' lang='grc' dir='ltr'>Βι</span> 
     </span>
    </p>
   </div>
   <div class='ocr_carea' id='block_1_7' title="bbox 982 3463 1078 3535">
    <p class='ocr_par' dir='ltr' id='par_1_7' title="bbox 982 3463 1078 3535">
     <span class='ocr_line' id='line_1_49' title="bbox 982 3463 1078 3535; baseline 0.021 -17"><span class='ocrx_word' id='word_1_357' title='bbox 982 3463 1078 3535; x_wconf 72' lang='grc' dir='ltr'>Δ45</span> 
     </span>
    </p>
   </div>
   <div class='ocr_carea' id='block_1_8' title="bbox 0 0 1300 4286">
    <p class='ocr_par' dir='ltr' id='par_1_8' title="bbox 0 0 1300 4286">
     <span class='ocr_line' id='line_1_50' title="bbox 0 0 1300 4286; baseline 0 0"><span class='ocrx_word' id='word_1_358' title='bbox 0 0 1300 4286; x_wconf 95' lang='lat' dir='ltr'> </span> 
     </span>
    </p>
   </div>
  </div>
 </body>
</html>
