2634 3966
589 696 750 772 cuivs.

230 819 271 873 lle
294 818 375 874 Gaio
400 819 544 890 eiusque
567 819 707 890 scriptis
731 817 939 873 dissertatio
963 820 1109 890 praevia.

147 1027 152 1033 .
254 967 437 1026 Paucorum,
458 980 527 1029 quae
540 964 575 1016 de
586 965 656 1016 Gaio
670 969 745 1014 certo
759 969 896 1014 constant.
925 964 1017 1014 Unum
1030 965 1088 1015 eius
1101 965 1154 1015 hoc

185 1047 284 1084 nomen
295 1033 376 1083 nobis
385 1032 516 1082 traditum
527 1036 577 1094 est,
586 1036 643 1082 tam
656 1033 685 1080 in
696 1031 776 1082 libris
786 1033 863 1090 iuris,
876 1031 922 1082 ubi
931 1033 1045 1096 primum
1054 1033 1083 1081 in
1094 1031 1155 1082 Gol-

185 1101 292 1151 latione
308 1105 384 1150 corto
400 1098 562 1166 comparet,¹
577 1115 657 1163 quarn
672 1115 689 1148 a
703 1101 902 1164 grammaticis,
921 1114 1033 1164 quorum
1050 1101 1155 1165 primus

138 1189 140 1194 ·
185 1169 333 1220 Diomedes
344 1167 398 1231 led.
408 1167 519 1220 Putsch.
529 1165 703 1232 paralleli.
714 1168 735 1216 l.
745 1167 848 1232 pers),
861 1167 884 1215 si
896 1167 975 1217 modo
987 1167 1058 1230 quod
1070 1168 1155 1217 tradi-

185 1241 242 1286 tum
256 1237 296 1286 ibi
310 1241 352 1286 est
364 1237 392 1284 in
405 1235 484 1285 libris
496 1250 560 1285 mss.
579 1233 719 1284 ‘Gauium'
733 1234 770 1284 ad
784 1233 882 1284 Gaium
896 1239 972 1286 recte
985 1235 1112 1298 refertur,
1126 1240 1155 1284 ot
1184 1251 1221 1284 s

185 1303 269 1369 paulo
281 1303 397 1353 inferior
409 1303 504 1353 seculo
520 1303 580 1352 fere
594 1303 706 1352 ineunte
717 1304 812 1366 quinto
822 1302 935 1352 Servius
945 1301 1104 1352 Honoratus
1117 1302 1153 1352 ad

86 1393 89 1400 ·
185 1371 283 1436 Virgil.
292 1371 392 1434 Georg.
404 1374 428 1432 3,
440 1373 499 1422 306.
510 1369 609 1420 Gaium
619 1373 784 1419 memorant:
796 1384 889 1418 omnes
899 1385 964 1420 voro
974 1370 1026 1420 hoc
1035 1371 1094 1420 sine
1105 1369 1153 1419 du-

185 1438 231 1488 bio
246 1454 263 1487 a
274 1439 479 1488 iurisconsultis
488 1438 533 1488 vel
544 1438 633 1487 aGaii
645 1437 777 1488 librorum
790 1436 889 1499 titulis,
904 1437 1040 1501 inquibus
1053 1437 1153 1487 (ludum

185 1520 268 1555 unum
280 1505 333 1556 hoc
346 1521 457 1568 nornen,
476 1510 506 1554 ut
523 1507 552 1554 in
564 1504 643 1553 libris
656 1505 809 1554 tritissimis
821 1503 881 1554 fieri
894 1503 975 1566 solet,
993 1505 1079 1554 scribi
1092 1520 1153 1556 sue·

185 1577 273 1634 verat,
293 1573 412 1622 mutuati
430 1577 501 1624 sunt.
532 1573 563 1622 Id
581 1572 668 1637 ipsum
687 1588 761 1634 vero,
776 1573 902 1636 quamvis
915 1573 1000 1623 etiam
1013 1573 1043 1620 in
1055 1587 1154 1622 nomen

185 1638 421 1705 abierit-(Osann.
442 1641 476 1690 ad
494 1641 625 1704 Pompon.
646 1656 671 1704 p.
690 1637 778 1704 XIX),
798 1639 902 1688 rectius
921 1645 1014 1690 tamen
1033 1640 1153 1689 creditur

184 1721 361 1773 praenomen.
392 1707 474 1757 Certe
486 1707 545 1756 Titi
562 1721 736 1772 praenomen,
758 1707 827 1770 quod
841 1708 869 1756 in
888 1722 940 1757 uno
955 1707 1077 1757 alterove
1096 1707 1152 1772 epi·

184 1779 276 1826 tornae
295 1775 486 1840 Visigothicae
511 1775 607 1826 codice
632 1774 702 1824 Gaio
725 1776 930 1840 praescriptum
953 1774 1054 1840 legitur
1076 1775 1152 1825 inde·
1178 1787 1183 1793 ·

99 1879 103 1886 .
187 1857 241 1906 qus
260 1857 354 1893 vemm
373 1842 432 1891 eius
450 1858 616 1907 praenomen
636 1842 723 1892 fuisse
742 1842 904 1904 quibusdam
917 1843 1005 1892 visum
1024 1847 1074 1905 est,
1093 1845 1154 1907 post

185 1909 285 1960 multos
304 1911 339 1960 ab
358 1910 494 1960 Haenelio
518 1911 658 1976 inspectos
682 1910 792 1960 codices
817 1908 974 1975 corruptela
992 1911 1070 1960 vocis
1089 1910 1155 1959 tituli

185 1977 323 2044 apparuit.
365 1977 417 2040 (Os.
440 1978 558 2028 Haenel.
582 1979 642 2027 Lex
664 1977 740 2026 Rom.
760 1977 816 2029 Vis.
837 1994 863 2042 p.
882 1977 966 2030 XLV.
991 1982 1047 2030 not.
1069 1979 1108 2028 16.
1127 1993 1152 2041 p.

184 2045 255 2108 314.)
291 2046 334 2094 De
353 2048 448 2095 aetate
468 2047 533 2094 Gaii
556 2046 608 2095 boc
626 2048 734 2094 tantum
753 2048 922 2110 compertum
942 2049 993 2108 est,
1013 2045 1084 2108 quod
1102 2045 1152 2094 sub

135 2113 170 2170 β’
184 2112 396 2179 imperatoribus
414 2113 573 2176 Hadriano,
592 2113 731 2162 Antonino
749 2112 799 2162 Pio
825 2117 853 2161 et
876 2112 913 2160 M.
937 2112 1050 2162 Aurelio
1068 2112 1152 2163 Anto·

184 2182 249 2232 nino
268 2181 353 2230 vitam
372 2195 450 2230 suam
470 2181 614 2246 transegit.
649 2181 719 2230 Nam
739 2179 809 2244 quod
827 2179 965 2229 Hadriani
984 2180 1153 2245 temporibus

185 2249 340 2311 acciderat,
364 2248 393 2297 id
415 2249 475 2312 ipse
499 2264 550 2298 sua
574 2252 669 2298 aetate
693 2247 797 2296 factum
823 2263 883 2297 esse
902 2251 998 2296 narrat
1015 2248 1047 2296 L.
1068 2249 1092 2300 7.
1111 2262 1152 2309 pr.

184 2317 218 2368 D.
233 2315 267 2364 (16
280 2317 338 2366 reb.
352 2315 414 2366 dub.
434 2318 484 2378 (34,
498 2319 531 2372 b).
567 2315 775 2366 Institutionum
794 2316 1017 2364 commentarium
1036 2315 1152 2378 primum

184 2385 338 2447 imperante
357 2383 498 2435 Antonino,
514 2383 565 2432 Pio
585 2398 645 2433 eum
664 2383 822 2447 scripsisse,
846 2381 971 2446 plerique
994 2381 1056 2430 inde
1075 2384 1151 2429 recte

185 2447 346 2516 colligunt,²
369 2449 442 2511 quod
466 2455 625 2500 constanter
648 2451 706 2500 sine
731 2450 788 2500 divi
811 2447 1000 2513 appellatione
1019 2463 1081 2497 eum
1099 2448 1152 2497 boc

184 2517 383 2567 commentario
402 2516 560 2580 (§§.53.74.
575 2517 646 2582 102.)
665 2518 801 2576 nominat,
821 2531 901 2580 quam
922 2515 992 2564 alias
1010 2515 1153 2564 defunctis

184 2583 397 2648 imperatoribus
415 2584 537 2634 tribuere
556 2585 635 2638 solet.
660 2585 709 2634 scd
728 2589 756 2635 et
775 2583 904 2633 extremis
922 2583 966 2633 Pii
984 2583 1152 2647 temporibus

185 2653 332 2717 scripsisse
351 2651 472 2712 videtur;
492 2668 554 2700 narn
574 2655 598 2714 2,
613 2655 670 2702 195.
691 2668 752 2701 eum
770 2652 862 2702 divum
882 2649 1014 2716 appellat,
1035 2655 1063 2700 et
1081 2651 1154 2715 quod

184 2721 378 2784 imperatorem
397 2721 563 2770 Antoninum
582 2722 611 2781 2,
633 2721 689 2771 126.
714 2735 801 2784 nuper
823 2719 956 2783 rescripto
980 2717 1152 2782 significasse

185 2787 296 2848 scribit,
323 2787 351 2835 id
374 2787 544 2836 lastinianus
562 2788 593 2837 L.
612 2790 636 2840 4,
657 2786 687 2836 0.
707 2787 740 2836 de
760 2786 810 2836 lib.
828 2791 916 2850 praet.
936 2787 974 2848 (6,
994 2788 1037 2847 28)
1057 2787 1154 2834 tribuit

185 2855 309 2919 ‘Magno'
328 2855 479 2917 Antonino,
506 2860 601 2918 aperto
625 2855 734 2918 quidem
752 2854 836 2915 vitio,
860 2855 909 2903 sed
928 2853 1000 2916 quod
1018 2853 1152 2902 facillime

186 2938 219 2971 err
237 2923 363 2973 ‘Marco’
382 2923 520 2972 Antonino
538 2927 633 2971 natum
653 2921 783 2986 explices.
812 2921 951 2970 Necdum
970 2925 1063 2970 tamen
1082 2919 1153 2982 quod

175 2991 256 3039 idem
275 2990 425 3054 imperator
442 2991 470 3038 in
489 3005 517 3038 re
536 2989 650 3038 tutelari
673 2989 707 3037 de
730 2987 792 3053 lege
810 2989 954 3038 Plaetoria
979 2991 1007 3036 et
1025 2993 1151 3050 praetore

184 3055 300 3106 tutelari
317 3057 448 3106 inlocum
463 3057 604 3106 consulum
617 3057 766 3106 substituto
787 3055 917 3120 (Capitol.
931 3055 1018 3103 Marc.
1033 3055 1072 3103 10.
1088 3052 1150 3102 coll.

197 3161 233 3166 .-...
240 3159 381 3166 ν--α--μψ

253 3224 272 3288 ¹)
286 3227 320 3274 iln
334 3227 396 3275 eninr
410 3228 496 3282 GaiuS,
510 3240 578 3289 quem
593 3227 733 3288 Pomponius
752 3232 858 3274 nostrum
871 3224 974 3287 appellnt
987 3224 1014 3271 L.
1027 3231 1060 3273 39.
1081 3223 1108 3273 n.
1123 3222 1152 3270 dc

184 3297 238 3359 stip.
258 3309 320 3346 serv.
343 3291 385 3356 (45,
406 3292 445 3356 a),
469 3295 499 3342 ad
521 3295 582 3342 bunc
604 3293 742 3342 referendus
763 3294 806 3353 sit,
829 3293 963 3352 ambigitur.
993 3290 1044 3340 Vid.
1068 3298 1116 3339 nol.
1131 3297 1152 3341 7.

183 3361 204 3425 ²)
219 3364 292 3411 llarci
303 3362 450 3425 temporibus
464 3363 533 3410 ctiam
546 3362 646 3425 primum
660 3374 745 3410 comni.
761 3361 865 3422 assignat
877 3360 965 3408 Puclita
980 3359 1036 3408 lnst.
1050 3358 1068 3406 l.
1083 3354 1151 3418 §.aa

184 3439 232 3480 nol.
247 3431 286 3481 bb.
301 3438 323 3479 et
336 3430 469 3492 nuperrime
483 3429 510 3480 ll.
524 3430 553 3478 ll.
568 3429 655 3488 Filling
667 3429 731 3476 ,liter
751 3427 774 3478 cl.
791 3427 911 3474 Schriften
930 3427 953 3476 sl.
966 3427 1033 3474 Rom.
1047 3425 1151 3472 luristcn
