2648 3974
186 105 239 155 354
545 118 640 154 rvnrvs
658 117 792 154 savunvs.

187 259 290 306 cuntur
308 253 482 306 ‘Sententiae
501 249 654 320 receptae'.
691 255 745 306 Sed
765 271 825 308 crim
847 255 918 306 heec
939 256 1059 307 adiectio
1077 259 1158 322 ignc-

187 327 278 385 retur,
296 323 451 387 ubicuuque
476 321 546 372 alias
569 323 665 374 harum
684 323 890 374 Sententiarum
914 325 1017 374 mentio
1041 325 1084 387 fit,
1103 326 1159 375 hoc

190 392 279 440 estin
298 388 464 450 Collatione,
484 391 513 438 in
530 391 882 456 Fragmentis'Vaticanis,
901 393 930 440 in
948 392 1000 442 Th.
1015 391 1055 455 0,
1074 395 1103 442 in
1123 395 1155 442 L.

188 459 265 508 Rom.
284 457 519 522 Burgundionum,
540 460 568 507 in
586 459 683 511 Indice
701 459 870 520 Florentino,
890 460 919 508 in
938 460 1087 510 Iustiniani
1106 461 1154 509 Di-

189 527 276 591 gestis
295 531 323 574 et
341 527 369 574 in
387 526 476 589 ipsius
488 525 625 577 Breviarii
643 526 782 590 plerisque
795 524 955 589 codicibus,
967 543 1029 576 eam
1048 542 1155 592 quoque

189 595 225 643 ab
244 596 304 657 ipso
322 593 420 642 Paullo
440 607 510 654 esse,
529 597 607 644 tanto
626 595 714 644 miuus
733 593 818 643 habet
835 594 1062 658 probabilitatis„
1074 610 1156 658 quam

190 677 244 725 qua
265 661 373 710 ratione
396 675 430 708 ea
451 666 548 725 postea
569 661 730 722 invaluerit,
758 660 837 710 iacili
859 662 1021 711 coniectura
1042 663 1157 726 assequi

187 729 285 778 liceat.
325 727 414 777 Plane
444 743 498 778 uon
527 729 613 792 probo
637 729 763 780 Puchtae
791 731 971 792 sententiam,
995 730 1157 794 visigothos

190 795 330 862 opinantis
349 796 384 846 ab
403 793 473 860 ipsis
491 797 520 844 in
539 797 629 860 legem
647 812 725 846 suam
748 802 878 860 receptas
901 797 955 846 hac
978 799 1156 861 cognomina·

189 861 439 934 tione‘Sententias
459 879 475 912 a
494 865 621 927 genuinis
640 864 809 928 distinguere
823 863 958 926 voluisse,
977 880 1040 914 nam
1060 865 1156 914 eadem

191 935 218 980 et
231 933 260 978 in
274 928 483 980 Consultatione
497 947 520 982 c.
533 933 555 991 6,
571 933 595 981 6.
614 935 699 995 extat,
721 933 765 980 cui
778 930 846 980 fides
857 933 887 980 in
900 932 952 981 hac
966 947 994 982 re
1009 922 1083 982 nullo
1096 932 1159 980 iure

189 999 353 1062 derogatur,
373 1003 401 1047 et
419 999 443 1047 si
462 999 532 1048 haec
550 1015 617 1048 vera
635 1015 723 1049 causa
747 1003 836 1061 esset,
860 1014 914 1048 non
936 999 1157 1063 intellegeretur,

190 1067 256 1129 quin
274 1071 302 1116 et
319 1067 406 1116 ceteri
424 1066 489 1114 libri
507 1067 574 1116 iuris
586 1068 689 1116 veteris
707 1067 736 1116 in
749 1066 840 1130 legem
853 1067 929 1117 illam
943 1069 1065 1130 recepti,
1079 1067 1158 1116 velut

189 1133 386 1198 Gregorianus,
397 1134 644 1198 ,Hermogenianus
662 1139 690 1184 et
702 1133 909 1184 Theodosianns
923 1132 1040 1184 Codices
1060 1131 1158 1184 eadem
1235 1159 1237 1162 ·

190 1201 380 1266 appellatione
408 1201 535 1264 insigniti
562 1201 673 1252 fuerint.
719 1203 755 1252 At
779 1201 905 1250 Paullum
933 1205 1042 1250 constat
1070 1202 1156 1251 alium

189 1283 297 1332 quoque
316 1268 416 1318 librum
434 1268 554 1318 edidisse
568 1270 729 1334 inscriptum
743 1268 941 1333 ‘Imperialium
954 1270 1156 1320 sententiarum

187 1337 217 1386 in
241 1335 444 1400 cognitionibus
468 1336 637 1399 prolatarum
662 1336 711 1385 lib.
736 1338 800 1398 Vl',
824 1337 870 1401 qui
898 1352 960 1386 cum
988 1337 1157 1386 succinctius

189 1404 428 1454 ‘Sententiarum'
452 1403 532 1454 titulo
550 1405 700 1468 propagari
723 1405 895 1468 coepissent,
920 1419 955 1453 ne
975 1419 1035 1452 curn
1060 1403 1157 1454 alteris

190 1471 396 1521 Sententiarum
420 1469 499 1519 libris
523 1471 772 1534 confunderentur,
801 1473 889 1521 variis
912 1471 1116 1522 adiectionibus
1139 1489 1157 1521 a

188 1538 312 1588 librariis
331 1537 458 1586 distincti
476 1543 547 1597 sunt,
566 1538 642 1588 velut
660 1538 878 1588 ‘Sententiarum
897 1540 956 1590 sive
975 1540 1156 1589 Decretorum

188 1605 269 1654 libri’
289 1609 318 1666 in
337 1605 499 1668 quibusdam
518 1605 697 1670 Digestorum
720 1607 804 1670 locis,
823 1606 871 1659 vel,
888 1606 1069 1656 ‘Sentention
1091 1622 1157 1672 ητοι

190 1674 303 1721 facton’
322 1672 351 1720 in
362 1672 459 1721 Indice
473 1672 645 1724 Florentino.
670 1675 730 1724 Hoc
743 1690 810 1724 vero
823 1675 847 1722 si
860 1675 888 1722 in
906 1674 955 1723 illo
968 1674 1039 1724 libro
1052 1675 1156 1724 factum

190 1743 310 1801 constat,
329 1739 426 1788 mirum
444 1755 534 1804 paene
549 1741 639 1790 videri
658 1743 780 1804 deberet,
801 1743 824 1790 si
842 1757 895 1790 uon
915 1743 998 1792 etiam
1012 1743 1041 1790 in
1053 1745 1157 1804 nostro,

188 1809 308 1860 maxime
327 1807 377 1857 illa
397 1805 451 1856 ‘ed
468 1805 569 1858 filium’
589 1809 772 1873 inscriptione
796 1810 911 1869 amissa,
936 1809 1035 1858 similis
1063 1811 1157 1860 cautio

189 1874 379 1940 distinguendi
399 1889 484 1924 causa
503 1892 520 1925 a
534 1875 697 1938 quibusdam
712 1875 949 1928 adhibitaesset.1
973 1876 1051 1940 Quod
1064 1883 1157 1928 autern

190 1946 342 2008 ‘receptas'
362 1943 413 1992 has
432 1942 592 1993 Sententiae
612 1945 856 2008 cognominarunt,
876 1945 981 1993 factum
1006 1960 1067 1994 esse
1090 1951 1157 2009 puto

189 2013 298 2061 ratione
316 2010 414 2060 habita
438 2011 623 2075 imperialium
649 2012 890 2075 constitutionum,
915 2027 985 2075 quae
1008 2011 1041 2062 de
1064 2012 1157 2062 Paulli

189 2081 300 2144 scriptis
318 2078 364 2127 vel
383 2077 576 2128 confirmandis
589 2078 634 2129 vel
647 2079 817 2129 infirmandis
835 2086 932 2145 postea
952 2079 1069 2129 emissae
1082 2085 1156 2140 sunt,
1250 2082 1253 2085 ’

189 2146 306 2196 maxime
326 2146 358 2197 L.
377 2147 400 2195 2.
413 2144 471 2199 Th.
492 2145 521 2196 C.
541 2146 574 2196 de
597 2160 669 2212 resp.
693 2147 771 2212 prud.
792 2147 831 2208 (1,
851 2145 892 2212 4),
918 2162 987 2210 quae
1012 2147 1156 2211 speciatim

188 2216 239 2264 has
258 2214 421 2268 Sententiae
441 2218 567 2279 ‘recepta
583 2215 765 2268 ,auctoritate'
784 2215 951 2266 firmaverat.
975 2213 1043 2262 Cum
1062 2218 1157 2264 tamen

188 2284 232 2332 his
250 2282 318 2346 ipsis
338 2280 581 2331 constitutionibus
601 2283 684 2332 etiam
704 2288 848 2346 acceptum
868 2281 1063 2346 quodammodo
1082 2281 1156 2329 refe·

189 2349 303 2400 rendum
326 2349 376 2408 sit,
402 2348 472 2412 quod
501 2349 590 2400 adhue
613 2349 707 2401 Paulli
729 2349 881 2400 Sententiis
904 2351 1032 2407 fruimur,
1061 2347 1157 2412 paullo

189 2417 351 2468 accuratius
369 2430 413 2464 res
432 2417 588 2467 enarranda
607 2422 656 2469 est.

258 2481 407 2532 Sciendum
426 2487 468 2532 est
486 2483 579 2548 igitur,
599 2499 711 2538 causam
730 2485 916 2534 restitutionis
930 2483 1053 2534 damnati
1066 2482 1157 2535 cuius·

189 2553 260 2608 dam,
281 2550 325 2598 cui
338 2549 537 2600 Constantinus
550 2552 675 2614 favebat,
695 2567 754 2602 cum
768 2552 862 2602 Paulli
875 2557 902 2601 et
915 2551 1030 2616 Ulpiani
1045 2550 1156 2613 aliquae
1178 2613 1180 2620 ,

189 2619 226 2668 ad
244 2617 428 2681 Papinianum
447 2623 529 2668 notae
554 2620 580 2669 ei
598 2619 824 2682 adversarentur,
844 2620 1051 2685 imperatorem,
1071 2634 1105 2667 ne
1126 2635 1158 2667 ex

189 2688 282 2751 gratia
301 2692 398 2735 contra
416 2685 458 2734 ius
472 2701 611 2736 commune
625 2689 803 2752 rescripsisse
816 2687 964 2748 videretur,
979 2687 1157 2750 permovisse,

188 2760 220 2804 ut
243 2752 368 2820 generali
392 2754 510 2818 epistola
534 2753 568 2802 ad
590 2755 739 2804 Maximum
767 2755 939 2820 praefectum
969 2754 1030 2803 urbi
1059 2754 1158 2818 paucis

190 2828 254 2872 ante
273 2821 335 2872 Kal.
349 2820 411 2872 Oct.
432 2821 529 2871 diebus
548 2837 572 2870 a.
585 2825 643 2872 321.
664 2823 778 2872 Romam
799 2823 865 2870 data
883 2821 998 2886 Ulpiani
1018 2825 1046 2870 et
1063 2820 1159 2870 Paulli

189 2891 219 2938 in
239 2890 423 2954 Papinianum
443 2895 532 2950 notas,
546 2885 610 2953 '‘qui
630 2889 692 2954 (ait)
713 2889 775 2938 dum
795 2890 899 2954 ingenii
917 2889 1027 2938 laudem
1046 2892 1159 2938 sectan-

189 2963 249 3016 tur,
275 2972 329 3005 non
352 2962 408 3006 tarn
434 2957 573 3022 corrigere
599 2973 673 3020 eum,
697 2973 776 3022 quarn
801 2957 953 3020 depravare
977 2956 1157 3016 maluerunt’,

191 3024 299 3074 aboleri
322 3025 498 3088 praeciperet
520 3025 566 3087 (cf.
592 3026 623 3075 L.
643 3041 688 3074 un.
708 3025 757 3075 Th.
778 3022 807 3074 C.
827 3025 861 3073 de
886 3029 956 3074 sent.
975 3038 1047 3089 pass.
1067 3025 1096 3085 9,
1115 3025 1158 3074 43.

189 3094 222 3142 L.
244 3095 270 3141 1.
294 3091 344 3142 Th.
370 3089 399 3139 0.
424 3092 457 3142 de
481 3108 552 3158 resp.
577 3091 654 3157 prud.
680 3095 708 3153 1,
727 3091 764 3156 4).
801 3092 880 3154 Quod
901 3093 968 3141 item
992 3089 1103 3147 deinde,
1128 3095 1159 3138 ut

189 3165 267 3210 tauto
286 3159 374 3224 ma'gis
393 3159 471 3210 modo
490 3160 519 3210 ih
537 3161 688 3224 Papiniani
704 3160 834 3210 honorem
853 3164 1032 3224 praeceptum
1051 3157 1159 3208 vidore-

212 3265 247 3272 ..-
257 3262 394 3270 ...μ-ω,-

259 3329 279 3393 ¹)
298 3330 362 3379 Idem
376 3331 424 3379 lere
436 3331 510 3378 sensit
523 3329 588 3390 Hugo
602 3332 664 3380 tht.
678 3331 724 3390 gel.
739 3331 794 3378 doz.
809 3338 867 3378 1833.
881 3346 906 3392 p.
922 3337 979 3378 1299.
1012 3329 1045 3377 Da
1058 3327 1159 3376 eliorum

189 3398 344 3461 opinionibus
357 3398 404 3446 vid.
418 3397 523 3446 hrudtsii
537 3397 593 3446 edit.
611 3398 686 3445 Praei.
700 3413 723 3459 p.
738 3397 777 3448 Xl.
