2614 3960
389 155 467 208 mos.
484 155 522 204 'uu
542 157 607 190 nou.
628 156 722 190 naevia
742 155 857 190 coenas.
878 143 917 191 ill.
936 143 983 202 8.Ἰ

191 315 232 374 su
263 314 324 352 cere
345 313 431 371 genus
453 314 565 372 poenae,
584 296 657 370 quod
677 289 868 352 'maximunli
890 297 953 352 huie
974 295 1103 354 maleficio
1127 301 1176 354 in·
1204 361 1211 380 ἢ
1289 285 1295 304 ‘³

186 383 290 456 'rogari
311 381 395 444 solet,
412 390 443 438 ut
463 383 496 438 ad
517 381 635 456 gladium
658 379 744 453 abigei
766 380 878 444 dentum
906 391 952 437 aut
977 383 1001 436 si
1025 383 1090 454 quis·
1112 391 1174 438 tam

198 473 291 527 notus,
306 474 334 522 et
348 475 402 521 tam
418 469 509 538 grauis
524 467 552 520 iu
568 464 702 538 abigendo
719 464 799 526 'luit,
822 459 870 520 ut⁴
891 468 965 538 prius
988 483 1021 520 ex
1041 465 1095 522 boo
1115 467 1173 522 ori·

199 551 270 606 mine
287 550 375 622 aliqua
395 567 482 622 poena
497 549 618 605 adiectus
633 549 683 611 sit,
706 549 778 606 buno
797 549 825 606 in
847 549 985 605 metallum
1006 550 1062 606 dari
1084 566 1171 624 opor·

95 707 119 710 „
190 631 280 690 ¹tere?
320 631 349 691 3.
372 633 542 708 Rescriptum
558 633 613 688 diui
629 631 754 688 Hadriani
775 634 814 689 sie
829 633 962 706 loquitur,
986 636 1063 706 qnasi
1090 634 1172 707 'gra-

168 721 169 726 '
200 721 259 774 uior
275 714 409 790 (plodio)⁵
429 735 517 792 poena
538 719 573 774 sit
595 717 709 773 metalli:
736 717 788 772 nisi
808 718 880 774 sorte
900 717 953 773 hoo
974 720 1060 786 sensit
1086 717 1170 780 diuus

105 795 124 846 ²0
199 802 348 857 Hadrianus
364 802 445 876 gladii
461 819 576 876 poenam
592 800 719 863 dicendo,
736 801 793 856 ludi
814 801 1021 858 damnationem.
1067 799 1096 856 4.
1118 801 1169 857 Est

97 887 110 948 'J
125 883 129 898 ²
199 894 289 941 autem
309 885 458 942 differentia
479 889 551 941 inter
572 902 633 948 eoa,
657 887 703 958 qui
724 885 756 939 ad
778 885 912 959 gladium,
937 893 964 940 et
985 903 1047 947 eos,
1071 888 1117 958 qui
1132 886 1167 940 ad

104 979 114 1018 ,¹
139 993 141 1004 ·
198 969 292 1024 ludum
312 969 484 1026 damnantur:
510 987 571 1026 nam
592 970 624 1024 ad
645 969 765 1044 gladium
786 969 903 1025 damnati
929 969 1072 1026 confestim
1100 987 1167 1024 oon·

151 1091 165 1102 „
198 1062 351 1118 sumuntur,
374 1055 418 1110 uel
438 1063 512 1112 certe
532 1045 603 1110 intra
623 1070 721 1110 annum
738 1053 837 1109 debent
858 1055 994 1116 eonsumi;
1017 1055 1071 1110 hoo
1092 1056 1166 1110 enim

93 1205 94 1208 Ἴ
126 1211 127 1214 ¹
198 1137 328 1194 mandatis
349 1143 514 1196 continetur.
560 1132 702 1194 Enimuero
732 1139 778 1210 qui
810 1139 837 1193 in
867 1137 961 1193 ludum
992 1137 1165 1200 damnantur,

97 1293 98 1296 Ἴ
198 1239 253 1278 non
268 1225 362 1297 utique
378 1230 587 1285 consumuntur;
604 1223 652 1278 sed
668 1223 748 1278 etiam
766 1221 873 1294 pileari,
891 1230 918 1276 et
933 1220 1028 1276 rudem
1043 1223 1167 1294 aooipere

94 1329 118 1380 ῥ’
198 1315 315 1380 possunt
333 1318 397 1381 post
418 1299 605 1369 'intermunt
634 1305 766 1378 siquidem
792 1314 855 1378 post
884 1307 1097 1379 quinquennium
1126 1308 1167 1379 pi-
1241 1314 1244 1318 ’

198 1393 271 1452 leari,
286 1401 350 1464 post
366 1393 510 1448 triennium
527 1399 615 1446 autem
631 1389 725 1445 rudem
741 1383 886 1446 ’induere7
908 1392 946 1446 eis
966 1385 1166 1462 permittitur.8

102 1467 115 1524 s
197 1473 225 1530 5.
252 1473 351 1530 Eodem
379 1475 512 1548 rescripto
533 1474 588 1529 diui
620 1473 745 1530 Hadriani
770 1474 977 1548 diligentissime
1004 1491 1162 1547 expressum

198 1567 248 1620 est,
264 1574 319 1612 non
343 1559 441 1632 ultique
456 1575 547 1631 parem
562 1574 623 1613 esse
638 1573 753 1630 poenam
769 1558 936 1632 abigeorum.
1054 1629 1056 1634 Ι

195 1669 196 1672 “
262 1641 326 1713 llap.
350 1641 414 1698 Vlll.
460 1641 541 1697 ltem
578 1641 744 1714 Ulpianus
776 1641 867 1697 libro
895 1643 1074 1705 ettitulo.,
1107 1646 1164 1716 qui

198 1720 329 1799 supra.⁹
358 1724 383 1782 l.
406 1725 500 1800 albigoi
522 1733 611 1781 autem
636 1726 747 1799 prepete
768 1726 796 1780 hi
817 1725 964 1788 habentur,
992 1728 1038 1798 qui
1064 1743 1164 1799 peoora

100 1801 112 1842 Ὗ
199 1828 231 1866 er
247 1819 326 1883 pastu
347 1804 438 1867 'uel30
458 1828 491 1866 ex
512 1812 638 1866 armentis
660 1808 836 1872 subtrahunt,
853 1818 880 1866 et
896 1809 1095 1884 quodammodo
1119 1810 1164 1866 de·

118 1911 119 1914 ¹
148 1911 149 1914 ¹
197 1895 374 1969 praedantur,
391 1905 419 1952 et
435 1895 559 1969 abigendi
574 1895 694 1950 studium
710 1895 784 1966 quasi
801 1902 886 1950 artem
901 1903 1043 1956 exercent,
1060 1895 1162 1968 ’equos

198 1979 231 2036 de
257 1974 408 2053 gregibus1
435 1979 480 2035 uel
504 1979 589 2034 boues
616 1978 649 2033 de
670 1980 797 2034 armentis
819 1977 992 2033 abducentes.
1038 1979 1164 2034 Ceterum

99 2109 100 2114 ,
199 2065 221 2118 si
237 2065 296 2136 quis
309 2064 406 2120 bouem
418 2064 594 2126 aberrantem,
608 2063 654 2117 uel
669 2063 783 2134 'equum
795 2064 822 2117 in
834 2062 981 2118 solitudine
994 2056 1163 2135 (relictum)²

106 2139 132 2188 s
199 2148 351 2211 abduxerit,
380 2166 435 2204 non
456 2157 500 2214 est
519 2147 646 2220 abigeus,
669 2145 716 2202 sed
737 2146 782 2201 fur
796 2149 898 2220 potius.
943 2145 972 2203 2.
990 2147 1043 2202 Sed
1062 2157 1089 2203 et
1119 2149 1165 2220 qui

92 2283 94 2290 .
158 2239 159 2242 ’
197 2250 318 2306 porcum,
336 2233 380 2289 uel
396 2249 510 2306 oapram,
527 2232 571 2288 uel
587 2224 764 2286 ’uerueoem3
780 2230 929 2292 abducunt,
947 2225 1083 2303 ’(ηιοάο)4
1109 2249 1164 2288 non

123 2363 125 2368 ,
198 2326 250 2372 tarn
267 2319 395 2390 grauiter,
413 2325 442 2370 ut
458 2317 494 2379 hi,
511 2317 557 2388 qui
572 2317 672 2371 maiora
684 2315 804 2370 animalia
816 2314 937 2388 abigunt.
954 2315 1037 2387 plecti
1053 2314 1162 2372 debent.

166 2405 173 2420 ⁸
199 2397 227 2456 3.
245 2400 408 2473 Quamquam
425 2408 514 2455 autem
536 2397 684 2454 Hadrianus
706 2398 806 2454 metalli
826 2416 955 2473 poenam,
979 2400 1058 2454 'item
1085 2397 1163 2470 (tem-

196 2481 321 2556 porarii)
344 2478 465 2556 operis,⁵
485 2483 529 2538 uel
550 2485 629 2538 etiam
652 2483 733 2557 gladii
760 2485 960 2556 praestituerit,
982 2491 1100 2539 attamen
1118 2487 1164 2557 qui

197 2679 230 2744 ²³)
250 2680 296 2730 Ex
314 2681 343 2731 P.
363 2681 444 2732 Fabri
459 2683 496 2744 ej.
534 2683 635 2730 maximo
654 2680 718 2734 Cdd.
737 2683 777 2730 ed.
797 2681 839 2731 Bt.
938 2679 959 2744 ⁴)
979 2681 1068 2732 Malim
1087 2686 1162 2742 luerit,

197 2757 244 2802 aut.
349 2747 371 2813 5)
391 2749 557 2800 Adhaereote
580 2754 701 2814 sequente
724 2765 739 2812 p
757 2751 881 2812 geminari
902 2751 998 2810 grauior
1021 2752 1098 2800 visum
1116 2759 1162 2804 eat.

132 2833 133 2836 ¹
197 2816 218 2880 6)
238 2817 284 2866 En:
303 2819 408 2868 Lacbm.
427 2817 462 2879 ej.
492 2818 631 2880 interpalam
649 2815 683 2866 B.
719 2818 842 2879 interpella
865 2815 906 2866 Vi.
931 2817 978 2868 Ve.
1015 2819 1162 2871 interuallum

198 2901 233 2934 ex
250 2885 318 2934 Pitb.
338 2887 373 2948 oj.
394 2887 434 2934 ed.
453 2883 497 2938 Bl.
602 2884 622 2945 ⁷)
641 2885 738 2933 batuere
756 2884 859 2935 Luciam.
878 2885 913 2946 ej.
955 2885 1016 2934 Vid.
1038 2885 1159 2936 Zeitsodr.

100 2959 103 2966 '
197 2951 284 3000 XIII.
304 2969 330 3014 p.
350 2960 383 3000 38.
465 2950 486 3015 s)
506 2953 546 3002 De
564 2969 593 3001 re
611 2953 644 3014 cf.
664 2950 690 3002 Ι.
711 2949 828 3014 Gotbofr.
848 2953 883 3000 ad
902 2952 935 3000 L.
953 2968 995 3003 uo.
1018 2951 1063 3000 rb.
1084 2953 1110 3004 0.
1127 2953 1162 3001 ael

103 3027 104 3030 ’
120 3031 121 3036 ¹
197 3021 245 3082 lep.
258 3017 321 3067 rao.
336 3019 366 3080 (9,
383 3018 423 3080 18).
494 3017 515 3082 ⁰)
534 3019 632 3070 Exstat
646 3019 677 3069 L.
691 3029 711 3068 1.
731 3016 779 3080 83.
796 3027 860 3068 1-3.
879 3019 912 3070 D.
931 3020 963 3068 de
980 3019 1046 3084 abig.
1067 3019 1109 3084 (tr,
1127 3016 1160 3082 tt)

198 3085 344 3150 quibasdam
361 3089 469 3137 omissis.
526 3085 558 3150 ³⁰)
579 3095 601 3136 et
618 3085 653 3135 B.
676 3085 718 3134 Vi.
737 3087 794 3134 edd.
823 3088 859 3136 uel
878 3086 937 3152 Dap.
1001 3085 1021 3150 ¹)
1041 3087 1087 3137 Ea:
1105 3087 1161 3152 Dap.

23 3150 61 3185 '2
134 3181 135 3184 =
198 3168 222 3202 es
241 3168 298 3218 quas
316 3154 400 3216 degere
420 3154 482 3206 Odd.
521 3169 592 3218 equas
611 3154 639 3202 de
658 3167 728 3214 grege
747 3155 786 3203 ed.
807 3153 852 3203 Bt.
922 3153 943 3217 ²)
964 3170 1049 3218 equum
1067 3157 1161 3206 insoli-

39 3217 62 3226 ”
197 3222 301 3270 tudinem
319 3219 383 3272 odd.
402 3224 442 3275 ed.
462 3220 506 3270 Bl.
543 3236 615 3284 equos
634 3222 657 3270 in
678 3221 805 3270 solitudine
825 3223 922 3271 relictos
940 3222 999 3284 etp.
1062 3220 1085 3285 8)
1104 3223 1160 3288 etp.

23 3290 45 3312 *
128 3345 129 3350 ¹
197 3289 318 3337 berbicem
337 3288 401 3338 cdd.
420 3291 460 3340 ed.
479 3287 522 3336 Bl.
625 3285 646 3350 ⁴)
667 3286 789 3352 Suppleoi
813 3291 887 3338 etiam
909 3293 935 3339 in
957 3289 1017 3354 Dap.
1042 3291 1160 3342 bariesum.

19 3361 55 3392 i·
197 3353 217 3415 ⁵)
243 3357 297 3404 item
321 3358 431 3418 operibus
456 3354 518 3404 oud.
560 3355 616 3404 item
641 3356 719 3418 operis
742 3357 800 3419 Dip.
825 3357 883 3406 edd.
926 3355 980 3406 seu
1004 3357 1055 3406 oid.
1081 3359 1160 3420 Ipsam

199 3421 330 3470 Hadriani
347 3425 498 3484 rescriptum
515 3437 587 3484 supr.
608 3431 627 3478 7,
648 3432 666 3469 t.
