2590 4286
362 122 466 159 saecu.
486 124 541 158 tva.
560 122 627 174 sou.
645 121 739 160 varro.
760 109 902 182 263-266.
1066 109 1116 158 695

210 261 281 334 263.
306 258 415 324 12item.
453 263 530 327 Eam,
559 280 627 337 quae
647 262 787 320 bonasus
813 261 874 320 filiis
899 281 949 337 per
974 264 1116 337 epistulam

141 355 212 408 eitra
228 341 434 423 stipulationem
449 348 574 410 donauit,
591 349 614 402 si
629 364 718 422 neque
732 349 933 422 possessionem
953 365 1044 404 rerum
1060 351 1114 405 sin·
1148 375 1151 380 ¹

63 501 65 506 Ι
142 435 270 512 gulanam
288 433 515 506 tradiditsneque
530 449 580 506 per
594 433 816 506 mancipationem
833 432 1003 505 praediorum
1031 434 1115 490 domi·

144 521 222 576 nium
242 519 393 582 transtulit,
417 535 466 574 nec
486 518 654 590 interpositis
675 515 891 591 delegationibus
915 525 961 572 aut
981 518 1113 574 inchoatis

147 603 241 660 litibus
258 605 379 660 actiones
395 603 518 664 nouauit7¹
532 600 598 658 nibil
614 602 703 674 egisse
719 601 828 674 placuit.

211 700 281 763 264.
304 705 380 761 ltem.
423 703 548 766 blatrem,
576 718 644 776 quae
664 703 723 757 sine
744 704 843 758 tutoris
869 704 1029 758 auctoritate
1059 701 1114 759 filio

145 787 303 846 donationis
324 805 404 845 causa
425 795 583 862 praesentes
594 801 689 842 seruos
706 788 838 860 mancipio
860 786 946 848 dedit,
969 787 1115 861 perfecisse

145 875 322 930 donationem
339 875 472 946 apparuit.
640 883 641 888 ’

214 969 304 1032 264².
333 967 457 1044 ³(ltemv.)
486 971 649 1028 Pollicitatio
666 972 819 1028 donatiords
838 974 909 1027 inter
924 974 1044 1046 priuatos
1062 975 1115 1029 uim

148 1058 324 1132 obligationis
340 1075 395 1112 non
410 1057 522 1112 inducit.

213 1153 281 1216 265.
305 1159 380 1214 ltem.
413 1153 533 1212 laurum
556 1165 583 1212 et
607 1165 764 1230 argentum,
789 1155 864 1229 ¹quod
880 1158 908 1211 in
928 1173 956 1211 re
982 1161 1118 1230 praesenti

150 1245 210 1307 luit,
228 1251 304 1318 pater
320 1241 375 1298 mio
391 1243 434 1297 sui
449 1243 514 1296 iuris
531 1240 655 1302 donauit,
681 1241 793 1314 eiusque
814 1241 1013 1313 possessionem
1035 1241 1116 1298 tradi·

148 1337 203 1384 tarn
225 1345 298 1390 esse,
321 1330 502 1384 instrmnento
487 1325 609 1398 opalam
628 1323 705 1382 iecit:
739 1341 795 1380 non
816 1325 916 1381 idcirco
943 1326 1117 1382 donationem

148 1413 257 1468 inritam
285 1413 380 1468 laetam
401 1411 565 1474 existimaui,
593 1407 666 1482 quod
686 1426 764 1466 usum
790 1410 909 1496 omnium
935 1426 1024 1465 rerum
1047 1411 1117 1484 apud

150 1505 281 1570 patremr
265 1495 335 1552 filius
350 1485 469 1568 reliquit.

214 1591 283 1653 266
308 1589 454 1671 ⁶Ulpianus
474 1596 522 1652 lib.
539 1595 559 1652 Ι.
581 1595 613 1650 ad
635 1595 752 1652 edictum
768 1569 896 1652 derebus
918 1595 1038 1653 creditis.
1073 1597 1227 1688 tri-napa

150 1679 295 1738 debitum'
310 1675 449 1738 solutum6
465 1682 623 1754 accipimus,
639 1697 695 1737 non
710 1680 798 1735 solum
815 1681 839 1735 si
859 1682 969 1736 omnino
989 1698 1045 1737 uon
1070 1681 1116 1736 de·
1106 1693 1227 1773 'Mem

151 1761 281 1829 bebatur,
299 1766 347 1820 secl
364 1774 390 1821 et
405 1767 427 1822 si
443 1782 492 1842 per
507 1765 621 1838 aliquam
643 1765 829 1838 suceptionem
849 1765 906 1838 peti
926 1782 982 1820 nora
1002 1773 1118 1839 poterat,
1173 1738 1193 1773 ἢ

4 1903 6 1920 ᾖ
151 1845 180 1902 id
206 1857 247 1904 est
272 1857 429 1946 perpetuam
461 1851 655 1922 exceptionem
704 1865 788 1922 quare
819 1849 871 1904 hoc
898 1865 1007 1921 quoque
1033 1852 1119 1922 repeti

4 1925 8 2012 )
73 1948 76 1953 ·
151 1933 266 2004 poterit,
288 1935 310 1988 si
334 1935 393 2005 quis
420 1943 550 2007 perpetua
572 1935 730 2007 exceptione
751 1941 826 1988 tutus
848 1932 972 1988 soluerit.
1009 1933 1118 1990 undesi

126 2063 129 2068 ,
150 2017 211 2088 quis
238 2025 332 2072 contra
358 2016 446 2092 legem
468 2017 585 2074 Cinciam
613 2017 747 2092 obligatus
775 2033 830 2072 non
856 2024 968 2091 excepto
995 2017 1118 2080 soluerit,

151 2098 244 2154 debuit
270 2097 336 2161 dici,
362 2107 486 2174 repetere
508 2116 568 2156 cum
590 2095 705 2176 posset⁷
731 2117 792 2156 nam
822 2117 929 2174 semper
959 2103 1118 2175 exceptione

151 2184 255 2242 Cinciae
276 2186 316 2240 uti
335 2186 434 2257 potuit,
457 2177 541 2240 'uec8
568 2186 656 2242 solum
673 2186 743 2258 ipse,
762 2201 870 2248 uerum,
893 2194 924 2242 ut
948 2185 1119 2242 Proculeiani

150 2277 245 2325 contra
268 2268 434 2325 Sabim'anos
456 2277 565 2342 putant,
594 2271 673 2325 etiam
695 2270 799 2342 quiuis,
822 2269 898 2343 quasi
919 2270 1057 2344 popularis
1083 2271 1118 2326 sit

152 2355 218 2410 haec
233 2346 389 2426 exceptio;⁹
412 2353 459 2408 sed
481 2361 508 2408 et
524 2353 604 2409 heres
625 2354 696 2415 eius,
719 2355 770 2408 nisi
791 2352 863 2410 forte
885 2355 999 2410 durante
1022 2353 1119 2410 uolun-

151 2589 199 2637 nir
220 2583 262 2647 (ιι,
283 2584 313 2644 t)
345 2587 381 2636 L.
394 2595 414 2637 4
435 2585 463 2635 0.
483 2587 517 2636 de
533 2588 591 2639 don
611 2593 671 2636 ante
689 2603 713 2638 n
733 2585 770 2648 (5,
789 2584 821 2649 3)
893 2584 925 2646 ¹²)
945 2587 985 2648 Of
1005 2587 1118 2638 Consalt

153 2662 173 2711 9,
193 2661 214 2700 9.
295 2649 412 2715 ⁸)Hane
429 2655 578 2704 sententiam
596 2655 738 2704 minusculis
756 2655 796 2703 litt
774 2656 848 2703 iteris
866 2654 932 2703 inter
949 2669 1037 2703 versas
1055 2657 1119 2703 seri-

150 2727 222 2784 ptum
239 2726 266 2768 at
283 2721 414 2779 sedaliam,
433 2723 502 2786 quod
523 2729 606 2771 tamen
628 2721 782 2779 nonhabet,
807 2737 855 2786 quo
878 2721 979 2783 referat
980 2737 1022 2779 ur,
1041 2723 1119 2782 anapia

150 2789 315 2868 supplevisse
327 2795 461 2840 corrector
478 2796 506 2838 nt
523 2791 638 2840 omissam
656 2791 783 2839 videtum-
787 2782 890 2852 Itaque
908 2789 1048 2852 Papiniani
1066 2804 1120 2837 earn

155 2871 210 2906 esse
228 2856 322 2908 censui.
354 2855 394 2918 Cf.
413 2858 494 2906 Paul.
506 2865 525 2914 5,
547 2865 577 2905 it.
596 2854 622 2919 8.
643 2865 663 2908 9.
688 2856 722 2907 L
740 2863 761 2905 t
780 2854 809 2904 0.
828 2856 860 2906 de
879 2861 960 2905 contr.
979 2858 1119 2906 cedeonem.

151 2925 213 2987 stip.
233 2920 264 2986 (8,
283 2922 328 2986 38).
410 2921 431 2986 ⁴)
453 2923 492 2986 ΟΓ.
513 2921 560 2986 83.
579 2931 690 2975 319251,
776 2921 1120 2988 ⁵)Initt'atnestotpnueis

152 2993 253 3041 mutatis
270 2993 297 3040 in
314 2992 346 3040 L.
366 2999 399 3040 26.
421 2989 448 3055 3.
466 3001 487 3040 3.
505 2992 539 3039 D.
559 2991 755 3044 secundina.
776 2989 827 3052 (12,
847 2988 879 3054 6).
948 2989 969 3054 6)
990 3007 1036 3040 non
1055 2993 1118 3054 solu-

153 3065 201 3106 tum
223 3058 254 3107 V.
292 3059 359 3118 [noa]
380 3061 480 3109 solutam
499 3061 539 3109 ed.
560 3059 653 3108 Hollto.
690 3055 744 3108 Sed
757 3059 873 3121 fortasse
893 3058 951 3122 Uip.
975 3061 1121 3122 scripserat

154 3125 287 3174 indebitum
305 3141 352 3176 nou
371 3129 447 3176 solum
466 3133 513 3176 tum
526 3128 667 3190 accipimus,
683 3135 711 3176 at
725 3130 856 3190 posterius
874 3141 920 3175 non
939 3129 1014 3176 solum
1033 3128 1120 3176 delen·

155 3191 212 3243 dum
228 3194 270 3241 sit.
391 3193 412 3258 ⁷)
432 3194 473 3256 Cf.
494 3192 520 3257 3.
539 3203 584 3244 311.
705 3191 725 3256 8)
751 3194 796 3244 En
818 3193 845 3242 V
846 3191 868 3241 d.
888 3193 979 3244 Mons.
997 3195 1038 3243 ed.
1074 3209 1119 3242 nco

159 3257 217 3312 Vat.
238 3261 296 3309 edd.
314 3267 425 3313 ceterae.
495 3260 516 3324 9)
536 3261 576 3324 Of.
597 3262 629 3314 L.
648 3271 669 3314 t.
686 3263 719 3311 D.
740 3264 771 3311 de
790 3277 847 3312 exe.
868 3261 912 3322 (tt,
933 3260 963 3320 t).
983 3261 1016 3314 L.
1035 3269 1067 3310 nt.
1089 3261 1121 3308 Ι).

154 3326 178 3376 d.
196 3333 214 3375 t.
250 3327 400 3378 Proculiani
416 3329 463 3378 doe
481 3344 587 3394 nepasse
608 3332 732 3388 uidentur,
750 3335 861 3393 propter
879 3329 996 3378 heredem
1012 3330 1120 3392 promis·
1290 3375 1291 3392 ἶ

152 3396 227 3453 soris,
246 3396 287 3444 eui
305 3403 386 3445 tamen
404 3398 483 3462 scapis
502 3413 536 3448 ex
555 3413 618 3448 noua
641 3413 721 3448 cazasa
737 3397 877 3461 opponitur
900 3397 953 3446 doti
976 3397 1121 3460 replicatio.
1290 3397 1291 3462 )
