2648 3974
460 126 521 203 otri
541 168 644 204 rusrrr.
664 153 701 201 u:
720 153 762 204 45.
781 155 822 206 46.
1079 155 1129 206 679

154 313 197 366 tio
207 301 231 342 ⁶9
248 311 306 365 sine
321 310 472 364 intentione
488 309 532 366 uel
544 309 768 366 condemnatione
786 309 870 372 ualet;
887 312 951 365 item
967 310 1128 366 condemna·

155 396 207 450 tio'
221 393 281 448 'uei
302 386 495 449 adiudicatio⁷⁰
517 395 575 448 sine
598 396 750 450 intentione
769 387 874 449 nulias¹
902 396 974 450 uires
1001 388 1129 456 'habct;²

154 479 194 534 ob
209 477 236 532 id
252 495 397 551 numquam
412 478 485 534 solae
501 479 686 534 inueniuntur.
1050 492 1052 496 ·
1068 468 1070 472 ’

223 559 270 619 45.
293 561 345 617 Sed
363 578 405 617 eas
423 561 529 635 quidem
546 562 684 626 formulas,
700 564 728 618 in
744 561 842 635 quibus
858 562 891 617 de
906 564 965 620 iure
981 565 1127 636 quaeritur,

154 652 189 704 in
210 651 253 702 ins
275 653 419 719 conceptas
441 663 585 709 uocemue,
615 647 707 720 quales
729 654 807 724 sunt,
835 645 932 720 quibus
954 647 1126 710 intendimus,

159 739 287 786 nostrum
308 747 369 786 esse
389 730 489 804 aliquid
511 747 543 786 err
563 733 622 788 iure
641 730 785 798 Quiritium
806 738 851 787 aut
872 731 949 787 nobis
971 731 1027 788 dari
1049 747 1130 805 opor·

158 825 220 870 tere
235 823 282 871 aut
296 832 346 888 pro
362 815 423 872 inre
439 814 563 872 damnum
581 814 700 887 ’(6εοὶἀί
714 822 864 888 oportcrc;
878 809 938 888 in)³
951 815 1048 891 quibus
1063 817 1128 872 iuris

158 899 249 954 ciuilis
276 901 390 956 intentio
417 908 467 956 est.
521 895 571 956 to.
600 899 706 956 Ceteras
727 916 793 956 uero
814 901 842 956 in
863 900 962 956 iactum
985 909 1129 976 conceptas

158 1000 298 1048 uocamus,
314 983 341 1040 id
357 992 406 1048 est,
423 986 451 1042 ia
467 983 564 1057 quibus
580 985 654 1041 nulia
671 984 732 1040 talis
745 986 904 1040 intentionis
920 990 1062 1058 conceptio
1078 994 1127 1048 est,

158 1067 234 1140 (sed)
249 1069 327 1124 initio
343 1067 474 1124 formulae
490 1071 626 1126 nominato
643 1086 684 1131 eo,
702 1069 775 1142 quod
790 1069 888 1124 iactum
905 1076 956 1132 eat,
973 1068 1130 1127 adiciuntur

159 1169 193 1208 ea
222 1152 317 1216 uerbo,
348 1169 397 1226 per
424 1169 492 1226 quae
517 1153 598 1214 iudici
624 1152 764 1210 damnandi
792 1152 985 1209 absoluendiue
1008 1163 1128 1226 potestas

158 1237 252 1299 datur;
282 1237 367 1310 qualis
388 1246 430 1294 est
451 1239 579 1302 formula,
608 1254 660 1311 qua
681 1239 767 1294 utitur
787 1246 917 1312 patronus
940 1245 1033 1294 eontra
1049 1237 1129 1294 liber·

162 1331 229 1384 tum,
247 1323 292 1395 qui
308 1337 369 1376 eum
384 1330 480 1380 contra
494 1323 612 1385 edictam
626 1323 760 1396 praetoris
776 1324 803 1378 in
818 1324 860 1378 ius
876 1315 1196 1398 'uocauit241nam204.

159 1409 188 1462 tn
216 1422 246 1461 ea
271 1408 308 1462 ita
334 1414 390 1463 est:
416 1417 686 1466 amoveanauoeus
703 1422 809 1468 svuuo.
860 1421 890 1464 s1
912 1423 1014 1464 ranae
1034 1423 1130 1464 muru

164 1505 335 1548 enauouvu
355 1507 395 1548 au
411 1507 483 1548 runo
506 1483 828 1563 '(1aarrs)earuou1⁵
847 1506 985 1550 arraudo
1007 1505 1130 1550 oonuua

164 1708 258 1758 termut.
290 1703 341 1771 ὀῦ)
355 1707 401 1756 Eae
413 1707 530 1772 sequenti
540 1722 628 1768 uersu,
641 1707 684 1755 ubi
695 1706 815 1756 librarius
832 1707 892 1756 inde
907 1707 971 1770 fecit
983 1709 1130 1756 demonstra·

161 1777 228 1824 tione
239 1776 391 1839 addiditque
405 1776 448 1830 ret,
461 1773 508 1823 duc
519 1776 644 1824 reuocant.
664 1777 760 1824 omnino
774 1775 975 1832 [demonstratio]
991 1776 1030 1824 ed.
1044 1774 1095 1838 By.
1109 1784 1128 1824 5.

162 1840 199 1906 ⁷⁰)
211 1843 273 1892 Hoc
285 1858 385 1908 quoque
396 1858 431 1891 erc
441 1844 558 1906 aequanti
567 1859 600 1904 a,
614 1841 656 1891 abi
664 1843 761 1905 sactum
772 1843 809 1891 uel
823 1843 1012 1900 adiudicatum,
1026 1842 1074 1890 teuc
1085 1857 1130 1891 re-

162 1911 243 1961 stitui.
274 1909 329 1960 Sed
340 1910 453 1960 dubitari
462 1916 561 1973 potest,
580 1925 613 1958 an
625 1925 675 1960 non
689 1909 766 1959 Gaiae
783 1909 1080 1974 ecriqesern'tadiudicatio
1092 1911 1130 1957 uei

161 1979 340 2028 condemnatio.
388 1975 410 2040 ¹)
428 1978 593 2027 condemnatio
611 1979 663 2026 siue
680 1979 880 2027 demonstratione
896 1978 933 2026 uei
951 1977 1081 2024 intentione
1093 1977 1130 2024 uei

161 2047 312 2094 adiuuatione
325 2044 441 2094 nullast).
460 2050 497 2103 et,
512 2046 583 2094 aneis
594 2047 697 2094 inclutis
716 2047 778 2094 dem.
792 2046 828 2093 uei
846 2051 871 2093 et
888 2045 924 2092 uei
943 2044 1004 2099 adi„
1026 2043 1086 2092 edd.
1098 2043 1129 2090 F.

162 2114 196 2161 P.
213 2111 323 2162 Bremer
340 2112 408 2164 Mae.
422 2113 486 2175 pttt.
499 2112 580 2163 Itden.
593 2120 652 2162 1866.
668 2117 696 2175 p'.
707 2120 753 2161 488.
771 2112 809 2161 ita
825 2113 905 2162 locam
921 2112 971 2172 teat
987 2111 1053 2159 ortt:
1070 2111 1130 2158 nihii

141 2223 143 2228 .
167 2177 245 2242 (enim
258 2177 449 2244 detonsarum)
468 2183 518 2229 siue
537 2182 580 2230 int.
593 2181 630 2228 uei
648 2181 718 2229 cond.
730 2181 804 2235 uatet;
823 2175 892 2240 (item
908 2178 1065 2227 adiudicatto
1075 2179 1130 2226 atne

163 2249 380 2298 demonstratione
393 2255 420 2298 et
431 2250 569 2298 intentione
581 2245 748 2308 nihilitatem)
768 2248 824 2296 item
841 2247 1005 2296 condemnatio
1022 2246 1074 2294 sine
1089 2245 1129 2294 de·

163 2317 334 2366 monstratione
344 2317 381 2365 uel
392 2317 523 2365 intentione
533 2315 609 2366 nullas
619 2316 682 2364 uires
692 2315 771 2363 habet.
780 2313 1081 2376 Denique:condemnatio
1092 2313 1129 2362 uei

164 2383 308 2433 adiudicatio
321 2385 373 2432 sine
386 2384 586 2432 demonstratione
599 2383 634 2430 uei
648 2383 778 2432 intentione
792 2379 914 2446 ed.B9.5.
953 2379 974 2442 ²)
988 2380 1081 2437 ‘trabea
1095 2383 1130 2428 et’

163 2452 205 2500 ed.
213 2449 264 2512 139.
305 2449 328 2510 3)
341 2449 414 2512 Quod
425 2453 547 2514 scriptum
558 2456 615 2499 erat
628 2450 753 2506 decidtom,
764 2450 838 2513 quaet
845 2449 965 2512 repetitio
976 2448 1131 2512 quaedomo.

166 2517 277 2564 damnum
295 2519 348 2566 vita
360 2525 400 2568 eat
411 2519 582 2582 tartarumque
594 2517 681 2567 dorum
692 2517 823 2567 verboram
835 2517 929 2581 effecit.
959 2515 1026 2564 Inde
1043 2522 1068 2563 et
1080 2516 1130 2563 dari

170 2589 198 2632 et
209 2583 286 2632 decidi
300 2581 368 2646 (dare
380 2594 406 2635 et
418 2586 528 2635 decidere
540 2584 652 2647 ed.By.)
664 2586 774 2634 restitui.
809 2581 832 2648 4)
845 2591 915 2634 uocat
928 2582 954 2633 0.
969 2584 1027 2633 edd.
1041 2588 1066 2631 et
1077 2597 1133 2630 mea

165 2652 252 2714 prior.
288 2648 308 2713 5)
321 2661 421 2717 patrono
433 2653 461 2702 θ.
481 2666 603 2702 eaenour
611 2665 670 2703 uras
679 2654 754 2716 priua
766 2653 903 2708 edideram,
914 2651 1010 2714 factum
1018 2650 1066 2700 doc
1078 2651 1135 2713 opi-

164 2725 241 2767 natae
257 2733 292 2768 cae
304 2723 430 2784 patronie'.
463 2719 536 2780 Quod
548 2735 614 2768 nunc
626 2722 703 2776 edidi,
724 2720 830 2769 debetur
841 2719 985 2782 Hattweyio
999 2717 1132 2782 Civitproc.

165 2785 207 2834 ΙΙ.
222 2802 248 2850 p.
263 2795 311 2836 319.
343 2787 387 2836 Sic
399 2790 458 2837 item
470 2787 520 2853 By.
535 2789 576 2839 ed.
590 2797 610 2837 5.
635 2788 705 2838 Edd.
718 2787 781 2837 daec
792 2788 922 2840 omittunt.-
938 2787 1046 2835 sednon
1059 2785 1133 2833 tiber·

163 2969 191 3034 8.
205 2982 250 3022 tot.
263 2975 305 3026 cit.
382 2969 408 3040 §
420 2974 463 3022 45.
482 2973 525 3036 Cf.
540 2973 567 3037 8.
581 2983 616 3022 tt.
633 2988 678 3036 pro
694 2975 744 3022 iure
756 2974 779 3022 d.
792 2969 828 3036 d.]
842 2972 876 3032 cf.
890 2972 923 3020 L.
936 2979 969 3020 ta.
984 2968 1011 3033 8.
1024 2979 1044 3019 5.
1057 2970 1089 3020 D.
1103 2971 1134 3019 de

161 3041 228 3102 furt.
243 3037 292 3103 (a,
305 3040 338 3103 a).
369 3042 401 3092 L.
416 3049 436 3090 o.
456 3039 482 3103 8.
496 3050 517 3090 a.
535 3042 567 3091 Ι).
581 3042 613 3090 de
624 3043 713 3090 minor.
728 3039 763 3102 (a,
776 3038 809 3103 a).
840 3040 872 3088 L.
886 3048 951 3104 apr.
964 3039 997 3087 D.
1011 3039 1043 3087 de
1059 3039 1134 3088 cond.

162 3108 228 3170 [nrt.
243 3105 290 3171 (13,
305 3108 336 3170 1).
355 3109 462 3158 ‘Gaius’
473 3125 500 3172 p.
515 3117 561 3158 131.
642 3105 667 3174 8.
681 3108 722 3158 46.
743 3107 782 3170 Cs.
802 3105 830 3170 8.
843 3115 876 3156 66.
897 3105 973 3169 816.
991 3105 1015 3155 Ι.
1034 3107 1066 3155 de
1083 3113 1134 3157 act.

167 3172 198 3236 (t,
210 3174 244 3238 6).
268 3176 301 3224 L.
316 3183 336 3227 o.
351 3176 379 3230 0.
393 3178 425 3226 de
439 3183 562 3228 transact.
578 3173 609 3239 (6,
621 3175 653 3239 4).
681 3184 794 3240 patronus
807 3191 829 3223 c.
841 3175 896 3232 lib.]
918 3173 952 3235 cf.
967 3171 1016 3235 88.
1030 3181 1074 3221 183.
1088 3181 1133 3221 tot.

164 3239 193 3304 8.
204 3245 249 3293 att.
268 3243 294 3292 J.
313 3244 345 3294 de
360 3259 447 3307 poena
464 3251 519 3296 tem.
537 3245 573 3293 lit.
588 3243 624 3306 (t,
640 3241 685 3308 to).
708 3245 741 3293 L.
755 3252 788 3296 25.
807 3239 869 3305 81,
892 3241 922 3290 l).
936 3241 968 3289 de
981 3239 1030 3288 ott.
1045 3247 1070 3288 et
1082 3246 1132 3288 act.

167 3313 210 3368 (4⁴,
224 3307 256 3375 ⁷).
280 3311 313 3360 L.
327 3319 348 3364 4.
362 3309 389 3374 8.
404 3321 424 3362 t.
438 3312 471 3362 D.
486 3313 517 3361 de
529 3312 557 3374 in·
568 3313 606 3360 ina
618 3326 672 3361 voc.
686 3306 722 3373 (6,
736 3309 771 3374 4).
803 3311 867 3359 dein
880 3311 917 3358 ius
930 3309 996 3364 noa]
1010 3306 1045 3369 cf.
1059 3303 1087 3358 0.
1102 3308 1133 3356 de

165 3377 191 3426 in
203 3379 243 3428 iae
254 3394 308 3429 voc.
323 3376 355 3441 (6,
368 3379 401 3443 6).
424 3380 483 3444 Dia.
497 3381 521 3430 ei
532 3396 557 3444 q.
570 3382 597 3428 in
609 3381 648 3428 ius
660 3394 713 3428 noc.
728 3377 763 3440 (6,
777 3375 810 3442 5).
840 3377 874 3426 In
891 3377 930 3424 iae
941 3375 1026 3424 vocati
1037 3379 1064 3422 at
1076 3381 1135 3422 eant

165 3442 198 3507 (6,
211 3443 245 3508 6).
263 3445 303 3496 Ne
316 3449 372 3510 quia
383 3463 446 3506 eum,
459 3449 502 3512 qui
514 3449 539 3496 in
551 3448 568 3496 ι’.
581 3462 634 3499 coc.
650 3444 682 3510 (6,
692 3446 724 3507 8).
743 3444 940 3500 innumerabiles]
953 3441 987 3505 cf.
997 3441 1046 3494 Cic.
1058 3441 1134 3492 divin.
