2634 3960
188 179 238 226 216
487 189 549 225 anm
567 189 672 226 rnsmr.
691 159 731 226 lll.
751 177 860 228 35-37.

190 335 299 388 ueteris
314 335 394 400 iaris,
412 334 464 388 sed
476 335 567 405 mapis
583 335 776 405 eonfirmandi
788 336 886 406 pratia
896 335 1056 404 pollicetar
1072 337 1160 392 hono-

104 488 108 496 ,
190 435 254 472 ram
264 420 487 488 passessionem.
509 434 576 471 nam
590 419 648 472 illis
662 435 783 488 qaoque,
799 425 803 479 Ι
820 418 866 489 qui
880 424 956 472 reete
967 417 1052 488 sacto
1068 426 1158 476 testa-

158 557 161 564 ,
189 507 283 558 mento
298 501 421 557 heredes
435 503 557 556 instituti
570 507 643 570 sunt,
658 505 684 556 si
697 503 779 558 modo
793 503 911 558 tabulae
922 507 1086 560 testamenti
1097 521 1157 560 non

189 590 283 642 minas
295 602 383 657 ,qaam
400 590 507 656 septem
522 589 633 642 testium
648 588 738 662 sipnis
752 589 884 658 donatae
899 589 971 656 sint,
989 589 1039 642 dat
1054 603 1158 644 secan·

123 677 179 724 134.
190 673 256 727 dnm
286 671 402 726 tabutas
432 672 569 727 honoram
596 673 821 741 possessionem.-
857 675 922 727 item
952 665 1158 748 ab.m{testato

190 754 304 810 heredes
329 770 395 808 suos
422 761 449 808 et
476 761 591 826 agnatos
618 753 651 808 ad
677 753 811 810 bonorum
836 755 1038 827 possessionem
1064 765 1156 812 uocat.

191 837 289 911 quihus
304 837 410 894 casibus
424 836 584 894 heneficium
601 839 658 894 eins
673 839 701 894 in
717 855 750 894 eo
766 838 827 895 solo
843 839 952 894 uidetur
966 838 1080 914 aliquam
1103 841 1157 896 uti·

189 922 291 978 litatem
307 923 425 992 habere,
442 923 568 995 quadis,
587 923 683 996 quiite
704 922 839 978 honorum
860 925 1060 996 possessionem
1074 925 1156 995 petit,

190 1006 345 1069 interdicto.
357 1008 438 1062 ‘ouius
453 1006 614 1080 principium
630 1014 672 1062 est
688 1022 821 1071 ovonem·
831 1023 989 1068 sononvsn
1005 1009 1046 1062 uti
1060 1009 1156 1081 possit,

190 1092 267 1146 errius
283 1091 420 1148 interdicti
436 1091 557 1165 quaesit
573 1091 688 1153 utilitas,
712 1108 762 1146 sno
785 1091 846 1147 loeo
868 1108 1067 1166 proponemus:
1091 1091 1159 1148 aiio·

191 1175 256 1248 quin
277 1181 382 1230 remota
405 1192 515 1249 quoqne
537 1173 671 1240 bonorum
693 1177 867 1249 possessione
896 1176 999 1231 adeas
1021 1175 1158 1232 hereditas

192 1259 313 1331 pertinet
326 1260 385 1316 iure
401 1260 486 1315 ciuili:
1154 1299 1157 1306 1

253 1338 301 1400 35.
318 1341 442 1399 Ceterum
458 1359 539 1416 saepe
554 1343 713 1416 quibusdam
723 1345 761 1398 ita
772 1344 853 1399 datur
863 1343 997 1400 honorum
1008 1345 1157 1416 possessio,

191 1435 221 1481 nt
237 1427 273 1489 is,
290 1429 333 1483 eui
348 1427 409 1482 data
424 1429 473 1490 sit,
490 1425 568 1498 (non)
584 1429 705 1500 optineat
725 1429 916 1491 hereditatem
938 1445 1007 1501 quae
1021 1427 1158 1484 honorum

192 1512 330 1582 possessio
347 1510 445 1566 dieitur
459 1512 518 1566 sine
532 1527 572 1566 re.
616 1507 666 1568 36.
692 1513 761 1567 Nam
777 1513 800 1568 si
816 1511 892 1568 uerbi
907 1514 994 1586 gratia
1009 1513 1069 1568 iure
1085 1512 1157 1568 saeta

192 1602 356 1650 testamento
371 1595 450 1650 heres
465 1597 606 1650 institutus
622 1598 740 1652 creuerit
755 1596 941 1661 hereditatem,
957 1596 1006 1653 sed
1021 1595 1157 1652 bonorum

193 1679 395 1750 possessionem
421 1679 568 1734 seeundum
593 1679 697 1735 tabulas
724 1682 878 1737 testa-menti
906 1687 1000 1753 petere
1029 1680 1158 1742 noluerit,

193 1768 337 1818 contentus
354 1779 402 1826 eo,
427 1764 499 1836 qnod
515 1765 574 1819 iure
589 1765 665 1820 ciuili
685 1765 763 1820 heres
785 1767 834 1828 sit,
858 1764 1033 1820 nihilominus
1054 1765 1086 1826 ii,
1110 1765 1157 1837 qui

192 1846 269 1902 nullo
296 1847 366 1902 iacto
381 1854 554 1916 ,testamento
569 1848 609 1903 ad
632 1851 753 1905 intestati
774 1849 845 1905 hona
868 1841 1013 1910 uocantur,
1040 1855 1159 1920 possunt

192 1939 285 2003 petere
301 1930 434 1988 honorum
448 1927 664 2006 possessionem:
681 1933 729 1988 sed
744 1934 848 1989 sinere
863 1934 895 1990 ad
911 1949 958 1989 eos
974 1923 1158 1988 'hereditas¹⁸

192 2016 323 2090 pertinet,
339 2033 400 2072 eum
415 2023 578 2072 testamento
596 2019 713 2090 scriptus
729 2017 807 2073 heres
830 2019 956 2076 euincere
979 2016 1158 2072 hereditatem

192 2101 287 2173 possit.
332 2097 379 2158 37.
402 2101 475 2157 idem
496 2102 561 2157 iuris
585 2109 639 2163 est,
656 2103 679 2158 si
699 2103 829 2158 intestato
850 2103 940 2176 aliquo
961 2108 1070 2157 mortuo
1091 2117 1159 2156 suns

192 2187 271 2240 heres
287 2186 411 2242 noluerit
422 2193 524 2257 petere
540 2188 678 2242 tonorum
690 2190 909 2258 possessionem,
927 2192 1074 2242 contentus
1090 2185 1159 2258 lepi-

194 2274 259 2325 timo
275 2274 353 2326 iare:
374 2288 441 2326 nam
462 2277 489 2326 et
510 2277 608 2344 agnato
624 2272 754 2346 ¹competit
775 2270 883 2345 quidem
898 2271 1032 2326 honorum
1047 2284 1160 2343 posses·

193 2347 268 2414 slo,⁹
284 2352 332 2408 sed
347 2355 406 2416 sine
420 2369 464 2416 re,
481 2371 541 2411 cnm
558 2356 646 2410 euinei
662 2355 796 2410 hereditas
812 2357 845 2411 ab
861 2371 912 2411 sao
928 2352 1027 2410 herede
1043 2353 1158 2426 'possit

189 2531 315 2598 pernatare
328 2533 518 2592 adiuvabotnr’,
530 2536 621 2597 paneis
632 2537 734 2585 mutatis
745 2542 771 2584 et
782 2538 841 2599 ipsa
852 2538 904 2585 sint
917 2536 1024 2592 Gaiana,
1036 2540 1064 2583 at
1076 2541 1160 2583 tamen

195 2603 272 2651 Golas
284 2607 360 2650 antea
372 2601 396 2652 d.
407 2605 592 2665 possessionem
604 2617 639 2651 en
651 2602 699 2652 SC.
717 2603 873 2654 Tertulliano
886 2604 996 2652 dandam
1009 2617 1061 2665 pro
1074 2616 1159 2650 enem-

192 2672 235 2732 plo
252 2671 391 2733 impnpnati
406 2671 469 2718 iuris
485 2669 579 2717 veteris
593 2673 711 2732 posuisse
728 2673 845 2720 videatur
863 2668 907 2732 (ef.
927 2670 1010 2719 Gloss,
1027 2667 1103 2717 Tanr.
1124 2669 1162 2716 ad

193 2754 234 2798 pr.
247 2737 272 2786 Ι,
286 2745 307 2793 3,
319 2749 331 2784 a
343 2743 369 2785 et
381 2743 431 2784 not.
447 2735 481 2798 16)
494 2742 520 2784 et
531 2737 623 2785 deinde
632 2740 799 2800 perrexerit:
811 2738 944 2802 ‘Alioquin
955 2739 995 2785 ias
1007 2736 1064 2788 bon.
1075 2731 1159 2799 poss!

196 2812 241 2851 rte.
267 2805 323 2852 Iam
335 2819 388 2851 erem
401 2806 444 2852 illa
457 2804 542 2852 decem
554 2805 658 2854 circiter
675 2804 788 2868 efficiant
800 2819 888 2854 versas
905 2804 933 2853 O.
952 2805 1022 2860 Ver„
1036 2810 1159 2867 apparet,

197 2873 283 2920 Gaium
299 2873 384 2920 statim
398 2877 461 2934 past
476 2870 616 2920 absolutam
633 2872 696 2922 Sca
715 2873 866 2923 Tertulliani
881 2871 1079 2935 oppositionem.
1094 2885 1161 2934 qaae

195 2939 289 2986 initiam
302 2952 399 3004 qaoque
411 2954 438 3001 p.
453 2946 497 2989 133,
511 2941 658 3002 occupavit,
676 2941 711 2990 ad
723 2941 789 2989 hane
803 2942 947 3003 peneralem
964 2939 1159 3000 disputationem

195 3007 226 3053 de
243 3004 363 3054 bonoram
377 3008 540 3069 possessione
558 3008 699 3058 transiisse.
745 3006 777 3070 ¹³)
794 3009 886 3056 Fuerit
901 3007 925 3059 b,
943 3021 967 3072 p.
986 3007 1031 3065 l:
1042 3005 1160 3054 honorum

195 3073 325 3135 possessio)
339 3088 403 3137 qnae
415 3081 475 3124 nota
487 3074 586 3122 obiitin
598 3076 700 3123 similem
713 3075 755 3126 h't.
790 3073 811 3137 9)
826 3075 902 3130 Nota,
917 3074 988 3124 alind
997 3088 1043 3123 sno
1055 3071 1160 3128 herede,

196 3142 265 3188 alind
273 3142 436 3203 proaimiore
448 3149 543 3206 apnato
555 3143 681 3190 eoeistente
693 3143 757 3191 iaris
770 3142 867 3203 saissa·
883 3144 927 3192 iilo
944 3156 1004 3190 casa
1021 3138 1162 3189 vocabatur

195 3225 210 3254 n
226 3215 349 3272 praetore
366 3214 498 3271 proximas
515 3215 623 3273 npnatos
636 3211 717 3258 ‘ande
734 3210 860 3272 lepitimi’,
873 3210 941 3259 inter
958 3223 1002 3258 eas
1018 3209 1082 3257 enim
1100 3220 1162 3255 suns

194 3277 269 3325 lieres
285 3292 335 3326 non
353 3282 422 3336 erat,
444 3279 485 3325 eni
502 3278 545 3325 leae
562 3275 727 3325 hereditatem
744 3277 794 3326 non
810 3279 920 3326 dederat
934 3278 983 3326 sed
998 3281 1094 3324 tantum
1110 3288 1162 3323 non

195 3459 239 3527 ἐξ.
253 3462 361 3514 35-37.
383 3461 421 3523 Cf.
438 3461 495 3523 lltp.
509 3468 541 3518 ra,
556 3469 587 3510 re.
607 3469 641 3524 ta,
654 3468 675 3510 e.
694 3469 726 3518 ro,
740 3469 762 3510 e.
774 3475 856 3523 sopra
867 3469 887 3521 a,
903 3467 948 3510 ne.
964 3466 1023 3512 151⁸.
