2634 3966
173 165 235 235 ι162
404 233 411 240 ,
458 199 520 253 cers
540 198 645 236 meurs.
663 185 693 234 ll.
714 185 755 235 79.
773 184 882 236 62-63.

185 342 289 416 poteris
307 357 348 396 me
363 358 413 414 per
428 340 614 413 exceptionem
631 339 686 394 doli
701 339 763 395 mali
778 338 928 412 repelleres
939 339 1032 411 utique
1047 340 1070 394 si
1086 337 1158 395 bona

186 424 239 482 fide
259 441 405 498 possessor
426 424 519 480 fueris.
550 423 619 493 illud
639 423 725 498 palam
747 431 802 486 est,
832 423 905 496 quod
932 425 990 478 siue
1018 429 1048 478 tu
1069 422 1158 480 sulari-

185 513 295 585 puisses
310 509 428 565 tabulam
444 510 503 564 siue
519 508 595 572 alius,
612 510 733 581 conpetit
748 508 813 563 mihi
829 508 895 564 lurti
910 509 989 563 actio.

249 590 297 652 79.
321 592 351 648 ln
373 594 432 649 aliis
454 609 564 666 quoque
585 591 726 667 speciebus
747 592 877 648 naturalis
899 593 967 649 ratio
988 593 1156 666 requiritur:

186 678 300 753 proinde
317 679 340 734 si
355 694 387 733 ex
399 679 460 733 uuis
472 675 534 749 (out
546 680 629 734 oliuis
645 683 696 732 eut
709 675 807 749 spicis)
819 677 886 732 meis
899 678 992 732 uiuum
1004 685 1051 732 aut
1066 676 1159 732 oleum

188 772 234 820 aut
255 762 420 818 frumentum
441 761 553 825 feceris,
577 763 844 835 quaeritur,.utrurn
865 777 953 816 meum
969 762 1005 818 sit
1019 761 1046 816 id
1062 761 1156 816 uinum

131 899 137 912 ,
186 855 232 902 aut
254 846 345 902 oleum
366 855 412 901 aut
424 837 614 909 'frumentum
637 864 670 902 an
686 855 771 901 tuum.
803 847 868 902 item
883 846 907 900 si
922 861 955 900 ex
970 861 1036 902 auro
1052 853 1099 900 aut
1114 863 1157 900 ar-

186 938 270 1004 gento
299 945 359 987 meo
385 947 432 986 uas
455 931 564 1004 aliquod
586 930 695 994 leceris,
718 938 764 986 aut
790 946 823 985 ex
846 930 912 986 meis
934 929 1031 986 tabulis
1058 945 1156 986 nauem

185 1023 234 1070 aut
249 1016 392 1070 armarium
407 1024 454 1071 aut
470 1013 628 1072 subsellium
644 1014 832 1078 fabricaberis,
854 1015 919 1070 item
934 1015 958 1068 si
973 1031 1006 1068 ex
1021 1013 1081 1070 lana
1096 1031 1155 1070 mea

187 1101 378 1156 uestimentum
399 1100 510 1162 leceris,
532 1100 577 1155 uel
603 1101 627 1154 si
647 1115 680 1154 ex
701 1101 766 1155 uiuo
795 1106 823 1154 et
843 1098 923 1154 melle
949 1113 1010 1153 meo
1037 1099 1156 1156 mulsum

185 1185 296 1247 leceris,
313 1185 371 1240 siue
393 1201 425 1240 en
446 1184 648 1240 medicamentis
669 1185 735 1240 meis
757 1183 932 1256 emplastrum
949 1191 995 1238 aut
1009 1183 1154 1256 collyrium

185 1263 289 1331 seceris,
304 1267 475 1342 (quaeritur,
489 1277 584 1326 utrum
597 1276 676 1326 tuum
688 1273 725 1324 sit
736 1271 772 1329 id,
785 1269 862 1341 quod
871 1284 911 1324 eac
922 1283 983 1324 meo
996 1266 1154 1340 effeceris)

185 1370 218 1409 an
241 1369 339 1409 meum.
372 1352 484 1421 Quidam
505 1355 642 1410 materiam
663 1361 691 1409 et
711 1352 887 1409 substantiam
906 1351 1078 1425 spectandam
1094 1369 1155 1408 esse

184 1445 294 1511 putant,
312 1437 344 1492 id
366 1447 421 1498 est,
444 1445 474 1492 ut
489 1440 566 1494 cuius
582 1439 693 1496 materia
708 1439 757 1500 sit,
780 1437 853 1492 illius
875 1444 977 1498 etrus,
1000 1452 1069 1508 quae
1084 1436 1169 1493 lacta

8 1565 25 1598 ᾗ
185 1524 229 1582 sit,
246 1521 372 1576 uideatur
387 1537 461 1582 esse,
477 1521 560 1594 idque
575 1523 688 1577 maxime
708 1521 809 1594 placuit
824 1519 922 1577 Sabino
939 1528 967 1576 et
982 1519 1087 1585 Cassio;
1111 1521 1155 1577 alii

8 1613 23 1684 {a
81 1628 84 1633 ·
185 1621 252 1660 uero
268 1609 330 1661 eius
344 1620 403 1660 rem
418 1621 478 1660 csse
494 1613 600 1679 putant,
618 1607 664 1679 qui
679 1605 788 1667 lecerit,
805 1605 887 1679 idque
902 1606 1015 1660 maxime
1031 1604 1154 1662 diuersae

10 1689 21 1696 “’
134 1702 174 1750 73.
184 1689 293 1744 scholae
309 1688 464 1745 auctoribus
480 1691 569 1746 uisum
583 1698 639 1746 est:
654 1684 658 1768 l
671 1690 720 1745 sed
736 1706 796 1745 eum
813 1706 937 1763 quoque,
953 1691 1030 1745 cuius
1043 1692 1155 1746 materia

53 1791 57 1798 ¹
126 1779 127 1782 ’
185 1781 211 1828 et
227 1772 377 1829 susbstantia
394 1773 487 1838 luerit,
500 1774 566 1830 furti
581 1775 712 1831 aduersus
724 1791 795 1838 eum,
810 1776 855 1847 qui
868 1773 1041 1846 subripuerit,
1054 1773 1154 1830 habere

184 1859 330 1922 actionem
347 1874 398 1914 nec
413 1859 501 1914 nrinus
517 1858 650 1915 aduersus
663 1859 777 1916 eundem
790 1859 989 1915 condictionem
1006 1859 1030 1914 ei
1045 1875 1154 1933 compc-

185 1951 256 2005 tere‚
278 1943 345 2016 ¹quio
362 1945 496 2000 extinctae
512 1959 570 2007 res,
592 1944 656 2000 licet
679 1944 807 2000 uindicari
828 1960 883 1999 non
904 1943 1026 2017 possint,
1048 1944 1154 2000 cundici

184 2034 273 2082 tamen
289 2027 395 2084 iuribus
409 2036 439 2084 et
455 2028 615 2102 quibusdam
630 2028 689 2084 aliis
704 2027 909 2102 possessoribus
925 2035 1051 2100 possunt.

7 2165 25 2192 ;·.
247 2107 295 2169 62.
321 2105 459 2170 ⁵¹llccidit
479 2114 639 2188 aliquando,
663 2121 693 2169 ut
714 2114 760 2186 qui
777 2113 903 2169 dominus
923 2113 972 2174 sit,
995 2112 1152 2171 alienandae

7 2217 42 2224 ·
88 2263 91 2269 ,
133 2207 173 2274 69.
184 2199 223 2252 rei
238 2205 403 2271 potestatem
418 2215 475 2254 non
491 2198 600 2262 habeat,
622 2206 650 2254 et
666 2199 712 2272 qui
728 2197 853 2253 dominus
869 2197 990 2260 nonsit,
1008 2191 1013 2273 Ι
1030 2200 1152 2254 alienare

7 2273 22 2296 '¹
181 2283 279 2354 possit.
325 2278 374 2340 63.
398 2284 463 2339 Nam
480 2283 570 2340 dotale
584 2283 723 2357 praedium
741 2284 853 2337 maritus
869 2283 955 2336 inuita
970 2281 1087 2337 muliere
1102 2297 1152 2354 per

182 2364 272 2438 legem
286 2365 379 2422 luliam
394 2367 555 2441 prohibetur
570 2368 701 2430 alienare,
724 2361 846 2440 quamuis
867 2367 952 2439 ipsius
967 2369 1003 2422 sit
1018 2364 1060 2419 uel
1076 2363 1164 2419 man·'

183 2449 302 2521 cipaturn
329 2452 353 2505 ei
379 2443 450 2506 dotis
479 2468 557 2507 causa
584 2452 628 2508 uel
654 2453 682 2506 in
706 2453 765 2514 ¹iure
787 2467 893 2506 cessum
914 2451 959 2508 uel
981 2456 1148 2523 usucaptum.

184 2533 257 2606 quod
281 2533 390 2606 quidem
412 2536 454 2590 ius
477 2543 568 2590 utrum
591 2535 623 2590 ad
638 2534 727 2590 ltalica
749 2544 854 2591 tantum
876 2535 992 2618 praedia,
1016 2551 1048 2590 an
1071 2535 1151 2590 etiarn

184 2616 216 2672 ad
238 2618 413 2689 prouincialia
428 2619 571 2692 pertineat.
588 2619 737 2675 dubitatur.
782 2615 832 2675 64.
857 2619 894 2674 Er
910 2619 1020 2676 diuerso
1036 2627 1151 2694 agnatus

181 2701 278 2757 luriosi
300 2710 409 2758 curator
430 2719 486 2758 rem
508 2704 603 2758 luciosi
626 2704 741 2759 alienare
763 2711 856 2777 potest
877 2721 910 2760 en
931 2704 992 2778 lege
1012 2704 1152 2761 x11tabn·

182 2786 281 2848 larum;
305 2788 370 2842 item
390 2797 552 2862 procurator
574 2787 648 2846 ’rem
665 2793 739 2850 eius,
757 2798 762 2851 1
779 2807 796 2844 α
813 2805 975 2862 paucerum
992 2791 1016 2844 ei
1033 2793 1151 2846 admini-

182 2969 210 3019 0.
220 2971 286 3033 edd.
321 2967 354 3034 51)
367 2973 407 3022 De
419 2972 467 3021 boc
479 2969 526 3035 38.
540 2979 632 3027 tiu-ut.
647 2986 706 3021 uero
720 2973 774 3022 Ioco
788 2972 821 3035 es.
836 2979 887 3022 aaut.
900 2979 934 3022 lb.
948 2977 974 3019 el
985 2973 1020 3021 ad
1031 2969 1078 3035 33,
1092 2979 1150 3020 80—

202 3175 207 3188 .
222 3140 263 3193 79.
284 3139 323 3203 Cf.
336 3142 368 3190 L.
381 3151 402 3194 a.
415 3138 442 3204 8.
456 3150 475 3191 a.
489 3141 521 3190 I).
536 3142 574 3190 tit.
588 3143 630 3190 cit.
645 3139 673 3204 3.
687 3151 720 3190 25.
734 3141 757 3190 I.
772 3143 810 3190 rit.
824 3143 866 3190 cit.
880 3141 952 3206 Epir.
966 3150 986 3197 r,
1001 3149 1020 3191 t.
1033 3138 1059 3204 8.
1073 3151 1094 3189 5.

201 3247 206 3258 .
220 3209 262 3259 62.
274 3225 308 3250 =
319 3225 361 3272 pr.
375 3209 398 3259 I.
413 3208 479 3274 quib.
493 3211 568 3259 alien.
582 3210 623 3258 lic.
638 3211 668 3271 (r,
681 3207 713 3270 8).
771 3205 796 3275 ξ.
811 3211 851 3259 63.
863 3224 905 3272 pr.
919 3209 944 3257 1.
959 3211 1000 3258 cit.
1021 3208 1060 3269 Of.
1074 3209 1149 3261 Paul.

181 3285 200 3332 2,
214 3285 237 3324 tt
251 3275 284 3324 B.
300 3274 328 3339 8.
341 3286 360 3326 2.
442 3272 467 3342 ξ.
482 3277 522 3326 64.
544 3277 583 3338 Cf.
596 3276 648 3326 Cic.
663 3279 694 3326 de
707 3278 798 3327 invent.
812 3287 837 3332 ¹2,
850 3289 884 3326 su,
903 3278 939 3325 ad
949 3277 1067 3330 Heremo,
1084 3285 1101 3335 t,
1116 3283 1148 3324 13.

182 3342 241 3407 Uip.
257 3354 287 3402 tr,
300 3353 322 3398 2.
335 3369 366 3381 -
381 3343 408 3408 3.
421 3353 455 3394 43.
468 3344 494 3395 Ι.
507 3346 538 3394 dc
551 3360 602 3396 rer.
616 3347 665 3398 dio.
680 3344 710 3406 (2,
725 3343 756 3404 t).
775 3345 808 3392 L.
822 3353 841 3393 9.
856 3343 883 3408 S.
897 3353 917 3395 l.
935 3345 968 3393 D.
982 3347 1013 3394 de
1026 3360 1082 3474 nep.
1095 3359 1149 3393 rer.

180 3398 245 3468 aunt
260 3411 303 3471 (u,
318 3411 347 3477 1).
364 3439 394 3448 -
408 3411 435 3476 n.
445 3422 462 3461 1.
476 3413 499 3461 J.
515 3412 580 3477 quet.
594 3414 669 3462 arten.
684 3412 714 3474 (a,
729 3413 759 3473 s).
779 3412 812 3464 n.
823 3421 855 3460 n.
870 3413 903 3460 u.
915 3413 977 3474 sant.
992 3428 1043 3462 erc.
1070 3421 1102 3470 10,
1116 3409 1148 3471 2).

179 3478 215 3526 L.
227 3487 247 3527 o.
261 3477 287 3542 S.
302 3489 323 3533 8.
337 3481 369 3530 D.
382 3496 466 3530 conam.
480 3482 530 3530 diu.
544 3477 587 3542 (to,
601 3479 633 3542 s).
652 3481 684 3529 L.
698 3489 719 3532 t.
732 3480 764 3531 I).
779 3480 810 3528 de
822 3481 893 3544 pipat.
908 3487 959 3533 oct.
972 3478 1016 3540 (1³,
1030 3478 1060 3541 7).
1075 3480 1108 3532 L.
1116 3487 1148 3528 tt.
