2614 3960
16 3509 19 3590 t,

17 3593 22 3628 i

341 145 446 184 aaron.
465 145 523 180 svn.
542 145 609 180 nou.
629 145 721 181 varro.
742 131 884 183 tae-191.
1047 133 1098 182 ota

101 342 103 345 ,
189 287 258 346 188.
298 279 372 341 ¹²3ln
396 285 481 341 tribus
502 303 557 342 non
578 286 745 359 inputabitur
760 287 845 342 tutela
862 287 907 342 uel
927 304 1004 348 cura,
1028 304 1097 360 quac

114 375 251 430 affectata
267 379 318 428 est.
350 361 560 428 Atl'ectatamsic
576 371 751 444 accipiemus,
769 371 793 426 si
808 371 853 426 uel
873 374 991 445 appetita
1008 371 1097 427 uidea-

118 469 181 520 tur,
200 458 244 513 uel
260 473 321 512 cum
336 463 430 529 posset
446 456 505 529 quis
527 471 556 510 se
572 471 713 518 excusare,
737 454 768 512 ab
785 471 816 510 ea
831 452 860 510 se
875 472 931 512 uon
947 458 1095 512 excusauit.

116 542 249 598 creditur
264 541 334 596 enim
350 538 502 602 affectasse,
520 540 565 613 qui
581 555 664 602 onus,
687 557 748 596 cum
762 547 857 614 posset
872 539 1019 603 declinare,
1042 557 1098 596 non

119 627 275 682 recusauit.
293 633 321 680 et
337 623 365 679 id
380 641 460 698 saepe
476 623 613 680 decretum
629 630 672 679 cst
686 625 714 679 in
729 631 835 686 tutore,
860 626 906 697 qui
931 641 985 680 nou
1007 626 1097 698 potuit
1191 645 1192 648 ¹

119 711 231 766 inuitus
247 709 304 764 dari
323 715 411 772 tutor,
434 708 477 764 nel
500 708 654 771 'curatore
679 709 726 782 qui
741 701 789 772 eii⁴
810 710 886 766 cuius
908 709 995 766 luerat
1011 717 1096 769 tutor,

119 802 239 850 curator
254 801 295 849 cst
311 793 475 848 nominatus,

191 875 258 935 189.
289 871 381 932 5ltem.
421 875 450 932 Si
476 878 536 949 quis
562 877 634 932 iuter
660 884 715 932 tres
747 871 907 950 ⁹(tutelas)⁶
938 878 1096 951 emancipati

123 961 178 1019 filii
193 964 236 1018 sui
253 960 363 1018 tutelam
385 960 565 1025 administret,
588 978 621 1016 au
642 962 667 1016 ei
682 961 748 1017 hacc
769 963 796 1016 iu
824 962 981 1018 ’numerum
997 957 1096 1026 cedat,7

123 1047 185 1102 scio
202 1044 363 1119 dubitatum.
393 1046 502 1100 inuenio
525 1053 613 1102 tamen
632 1043 729 1100 l'uluio
750 1039 917 1102 Aemiliano8
939 1047 965 1100 in
981 1063 1096 1119 persona

125 1130 232 1187 Manilii
252 1129 343 1204 Optiui
358 1130 535 1201 rescriptum,
553 1131 734 1202 emancipatae
750 1126 819 1184 filiae
836 1130 947 1185 tutelam
963 1134 1096 1186 numerari

75 1267 78 1272 .
132 1217 158 1270 ei
174 1217 246 1270 inter
261 1229 343 1270 onera
359 1221 497 1286 oportere·

194 1293 262 1356 190.
285 1292 380 1353 9ltenr.
412 1297 472 1352 Tria
494 1306 583 1352 autem
604 1313 687 1352 onera
711 1299 738 1352 iu
760 1290 887 1354 domo¹30
909 1314 970 1354 csse
986 1298 1096 1355 sufficit.

127 1383 244 1457 proinde
259 1383 282 1437 si
297 1389 374 1456 pater
389 1381 511 1444 alicuius,
529 1381 573 1437 uel
589 1379 669 1442 filius,
687 1381 730 1436 uel
747 1381 847 1445 irater,
865 1383 911 1455 qni
927 1390 968 1437 est
984 1384 1011 1437 in
1027 1385 1098 1440 eius-

128 1467 191 1523 dem
206 1473 356 1540 potestate,
375 1467 423 1522 tria
439 1483 521 1522 onera
536 1467 681 1530 sustineat,
699 1482 767 1540 quae
790 1465 822 1521 ad
843 1467 993 1540 periculum
1015 1469 1097 1541 patris

128 1552 276 1624 pertinent,
302 1553 429 1624 quoniam
444 1550 587 1606 uoluntate
602 1551 660 1605 eius
678 1545 951 1608 'administranturzl
972 1551 1097 1608 omnibus

129 1637 268 1691 excusatio
284 1651 298 1690 a
314 1635 398 1690 tutela
413 1635 545 1710 conpetit.

193 1717 254 1777 191.
279 1711 372 1775 ²ltem.
403 1720 536 1776 Numerus
552 1735 662 1793 qnoque
677 1718 823 1776 liberorum
845 1737 860 1774 a
880 1721 965 1776 tutela
988 1737 1097 1776 excusa-

130 1805 232 1859 tionem
258 1803 366 1859 tribuit:
394 1804 498 1860 ciuibus
525 1803 633 1878 quidem
661 1802 786 1860 Romanis
820 1820 912 1860 earum
944 1804 1096 1863 tutelarum,

132 1903 199 1958 quae
214 1886 313 1942 Romae
329 1898 393 1944 sunt
413 1891 558 1952 iniunctae,
582 1889 611 1942 ’a
632 1890 713 1944 trium
735 1904 869 1954 numero;
882 1881 895 1922 ³
909 1887 1002 1944 earum
1019 1906 1093 1950 uero,

133 2000 190 2008 ...e-.-

132 2065 270 2130 ea8.18ti:
290 2083 342 2118 cum
362 2072 437 2120 etiam
454 2085 516 2118 cura
533 2068 681 2118 kalendarii
697 2071 731 2117 sit
747 2071 815 2118 inter
829 2071 879 2119 tria
892 2084 972 2119 onera
986 2068 1024 2133 (S.
1040 2071 1095 2132 tta).

133 2149 198 2194 eurrt,
217 2138 261 2200 qui
278 2135 388 2186 Gadibus
411 2142 551 2202 equestrem
573 2151 658 2184 curam
681 2137 827 2186 kalendarii
849 2139 1020 2194 administret,
1039 2140 1097 2187 licet

133 2218 164 2253 ea
181 2209 206 2252 et
220 2203 401 2254 Gaditanorum
416 2205 540 2269 pecunias
559 2209 584 2251 et
602 2219 618 2252 a
633 2205 753 2266 principe
770 2205 879 2254 donatas
891 2205 1097 2268 comprehendat,

134 2278 214 2320 tamea
232 2274 304 2321 unius
322 2280 417 2323 tantum
434 2287 511 2321 curae
529 2285 592 2320 onus
609 2273 752 2333 suscepisse
770 2273 850 2323 credi.
881 2271 921 2334 Of.
941 2273 974 2320 L.
989 2280 1022 2322 ao.
1037 2271 1063 2335 g.
1080 2285 1096 2321 r.

134 2339 165 2388 D.
182 2340 206 2388 a.
226 2347 241 2386 t.
262 2366 292 2374 -
311 2338 365 2390 Sed
382 2349 464 2390 tamen
486 2353 539 2389 rem
559 2338 683 2401 Ulpianus
700 2339 770 2387 clare
789 2340 964 2389 demonstrare
982 2337 1097 2390 debebat.

135 2405 292 2471 Itaqueiam
314 2416 376 2471 post
397 2411 517 2460 inductam
540 2406 632 2456 addidi
653 2414 687 2465 ct,
712 2407 781 2471 quod
802 2421 852 2457 noa
875 2406 960 2456 dubito
984 2410 1098 2460 omissum

136 2473 280 2536 aliquando,
300 2490 365 2534 curn,
385 2485 412 2526 ut
426 2479 468 2540 fit,
487 2476 513 2524 in
528 2475 579 2538 fine
597 2475 740 2537 suppletum
758 2481 836 2532 esset,
856 2475 972 2538 effecisse
995 2477 1097 2526 admini-

136 2539 243 2594 strab-at.
279 2542 398 2609 Intellipe
416 2557 476 2594 uero
494 2543 520 2591 in
542 2541 676 2604 municipio
697 2541 824 2593 Gaditano
843 2543 885 2604 (de
908 2545 956 2607 quo
979 2545 1028 2597 uid.
1048 2545 1097 2593 Dio

91 2611 93 2616 ’
135 2615 167 2664 41,
185 2608 220 2668 at)
239 2620 388 2670 canescet,
408 2621 435 2662 ut
449 2611 589 2674 pascimin
611 2610 668 2658 aliis
691 2611 832 2674 municipiis
850 2608 939 2673 (Oreil.
958 2619 1016 2660 tuto.
1035 2613 1096 2672 atta)

136 2681 251 2739 equester
268 2679 333 2728 ordo
352 2677 416 2743 (Cic.
435 2680 472 2729 ad
484 2678 566 2740 famil.
582 2685 612 2734 to,
631 2685 664 2733 at,
683 2676 706 2741 2)
725 2679 751 2726 in
769 2694 817 2742 quo
836 2677 959 2742 equitibus
971 2693 1034 2727 cura
1052 2678 1097 2726 lca-

136 2744 243 2792 lendarit'
259 2747 422 2810 suscipienda
439 2753 519 2806 esset,
537 2749 597 2810 post
612 2745 794 2808 principalem,
813 2747 844 2794 de
864 2761 913 2809 qua
931 2745 1001 2807 dial,
1026 2746 1097 2794 indu·

137 2817 198 2859 ctam
216 2814 334 2862 accidere
350 2816 477 2878 potuisse,
501 2819 528 2862 ut
551 2815 615 2864 idem
637 2818 768 2877 utramque
791 2813 982 2861 administraret
1004 2827 1097 2860 curam.

139 2875 179 2938 ¹²³)
197 2878 236 2942 Os.
257 2877 283 2943 S.
303 2891 322 2932 5.
342 2881 367 2934 I.
385 2883 409 2931 lz.
430 2891 447 2936 t.
473 2882 506 2932 L.
527 2890 559 2928 ts.
579 2877 605 2942 S.
625 2888 657 2930 15.
677 2879 710 2928 D.
730 2879 754 2928 t.
775 2885 792 2927 t.
866 2875 887 2939 ⁴)
907 2887 1001 2928 curator
1019 2882 1039 2928 ei
1060 2882 1097 2943 qni

142 2947 197 2996 Vot.
220 2947 246 2994 V
248 2946 269 2996 d.
305 2951 329 2998 in
349 2959 459 3001 curatore
482 2949 523 3001 ed.
542 2946 639 2996 Bucdl.
677 2954 798 3003 curatore,
818 2947 857 3008 qui
877 2947 927 2996 eins
949 2948 984 3010 cj.
1005 2947 1098 2998 Hollm.

139 3011 158 3077 l)
175 3013 246 3064 laesi
261 3019 354 3080 paucis
376 3021 476 3068 mutatis
494 3016 527 3064 L.
546 3024 577 3062 15.
597 3011 623 3076 3.
645 3022 677 3066 ta.
696 3014 729 3062 D.
748 3014 772 3066 it,
793 3020 811 3063 t.
835 3029 870 3064 ea
889 3014 946 3078 alp.
966 3015 1009 3064 lib.
1033 3017 1097 3078 einp.

139 3081 168 3129 de
184 3096 270 3136 eacus.
340 3084 362 3148 fl)
381 3086 428 3136 Ex
445 3088 504 3148 Dia·
521 3083 608 3146 suppl.
627 3082 726 3132 Buchlt.
796 3081 817 3145 7)
837 3097 934 3132 numero
954 3084 1022 3133 cedat
1038 3085 1096 3132 Vat.

51 3153 58 3166 ³
140 3149 192 3198 edd.
228 3165 349 3202 numerum
367 3156 478 3218 procedat
496 3150 555 3214 Dap.
640 3148 662 3214 ⁸)
683 3149 721 3212 Cf.
741 3147 768 3213 3.
787 3158 832 3200 atu.
919 3149 941 3213 ⁹)
960 3151 1010 3200 Est
1026 3150 1058 3200 L.
1078 3162 1097 3199 5.

141 3215 169 3266 D.
186 3216 209 3265 d.
230 3224 246 3269 t.
318 3217 362 3284 ¹³⁰)
381 3238 425 3271 nna
443 3223 504 3272 add.
524 3217 582 3283 Dap.
656 3215 677 3282 ¹)
697 3219 862 3268 administrant
884 3217 944 3267 Vat.
963 3217 1021 3281 Dip.
1040 3219 1098 3268 edd.

139 3280 159 3344 ²)
175 3281 214 3345 Cf.
231 3300 274 3348 pr.
294 3285 319 3334 I.
337 3288 361 3340 lt.
382 3297 399 3339 t.
418 3290 450 3341 L.
464 3299 484 3338 a.
504 3285 531 3350 3.
551 3295 572 3337 2.
590 3285 623 3336 D.
641 3287 667 3337 lt.
686 3293 703 3334 t.
772 3284 794 3346 ⁸)
814 3287 830 3336 ἰ.
852 3301 875 3338 e.
894 3285 1099 3338 indeatribus:

140 3349 170 3410 cf.
188 3350 215 3416 8.
236 3362 281 3403 tat.
312 3357 382 3404 trium
402 3359 504 3407 filiorum
522 3355 580 3403 edd.
612 3355 748 3418 ([filiorum]
768 3352 873 3414 Monte.)
898 3355 1001 3402 atrium
1019 3355 1099 3405 filiorss

145 3416 173 3466 V·
202 3421 278 3470 Recte
297 3421 388 3474 Morus.
407 3426 495 3474 laudat
513 3422 544 3474 L.
563 3432 584 3477 2.
604 3422 631 3488 3.
652 3433 672 3475 7.
692 3421 725 3472 D.
744 3421 768 3470 lt.
788 3429 806 3469 t.

171 3535 287 3576 rvntsrtt.
300 3538 396 3576 Anrnr.
411 3542 471 3578 nuta.
498 3542 542 3577 El).
557 3541 587 3576 11.
855 3508 895 3566 43
