2590 4286
393 159 497 196 sceau.
517 161 577 196 ivs.
596 161 661 198 eon.
682 160 773 198 verre.
791 147 848 196 249.
1053 148 1104 198 689

136 305 250 376 aliisque
271 302 419 358 ac-debinc
440 303 497 358 aliis
518 302 658 376 largiendo
679 295 808 376 'eripete88
835 303 960 358 donando
973 320 1002 358 ac
1022 319 1102 378 saepe

136 380 315 444 ‘uendentot
337 386 451 450 multos,
474 385 588 443 habendi
609 403 657 460 spe
673 386 798 448 allectos.
817 403 983 444 concurrere
1004 389 1031 443 in
1059 406 1102 444 ex-

136 471 282 546 pugnanda
297 469 347 526 sibi
363 473 530 545 proprietate
545 471 660 544 impulit.
689 469 741 542 (5.)
764 470 881 526 Tabulae
896 466 1029 546 'ipiter⁴⁰
1052 482 1102 530 aaut
1144 499 1146 501 ·

137 556 328 630 quodcumque
355 554 428 610 aliud
453 557 579 612 materiae
601 549 747 628 ’(9θηαε)1
769 564 876 629 tempus
898 556 982 619 dabit,
1005 558 1049 612 nel
1069 557 1101 614 ab

137 641 198 714 ipso
221 640 266 695 uel
282 638 313 714 ab
329 655 371 702 eo,
388 655 468 713 quem
484 640 540 695 fors
561 641 832 701 sumministrauerit,
853 640 999 696 scientibus
1019 641 1102 715 pluri·
1121 685 1123 687 -

137 727 190 780 mis
204 717 436 798 perscriban·tur,²
451 741 561 797 eaeque,
578 732 608 779 ut
623 739 704 798 supra
715 723 932 798 conprehensum
944 736 994 787 est,
1011 725 1100 789 rebus,

137 807 298 872 nominibus,
315 810 494 882 personisque
509 808 651 864 distinctae
666 810 734 872 sint;
757 817 787 864 ac
802 816 860 864 tum
881 811 1030 883 corporalis
1050 817 1101 867 tra·
1130 864 1133 866 .

137 887 224 949 ditio³
243 923 279 933 —
296 894 324 948 in
340 909 513 966 quamsaepe
529 893 607 951 multi
622 892 683 949 talia
699 891 849 948 simulando
864 895 1034 968 inrepentes,
1057 905 1102 951 aut
1118 943 1119 946 ,

137 972 201 1033 ’ui4
216 994 331 1051 corpora
347 978 496 1050 capientes,
518 977 649 1032 sollemne
659 976 730 1034 illud
745 979 787 1033 ius
808 993 838 1032 ac
860 977 1041 1036 uoluntarium
1061 981 1102 1034 in·

135 1079 265 1118 concessa
287 1063 463 1135 usurpatione
482 1062 664 1134 praeripiunt'
688 1091 723 1102 —
748 1056 797 1116 ea⁵
822 1062 907 1134 igitur
928 1064 985 1134 ipsa
1012 1080 1101 1118 rerum

137 1146 246 1201 traditio
261 1145 452 1220 praesentium,
469 1145 598 1200 aduocata
614 1146 769 1208 uicinitatis,
791 1144 969 1218 omnibusque
985 1146 1099 1211 arbitris,

137 1245 253 1302 quorum
270 1227 399 1303 postlide
416 1230 454 1284 uti
470 1229 715 1290 liceat‚'conuentu
738 1229 915 1302 plurimorum
936 1229 1099 1288 celebretur,

137 1329 192 1368 non
209 1316 280 1370 enirn
296 1314 374 1370 aliter
388 1329 471 1368 uacua
492 1315 550 1370 iure
566 1313 653 1369 dantis
668 1330 712 1368 res
729 1315 793 1376 erit,
817 1329 895 1386 quarn
919 1331 949 1370 ea
973 1315 1017 1370 uel
1043 1317 1100 1371 eius

138 1397 288 1462 uoluntate,
305 1399 328 1452 si
343 1404 386 1453 est
402 1396 519 1460 mobilis,
535 1396 665 1461 tradatur,
683 1397 727 1454 uel
742 1397 869 1454 abscessu
883 1400 940 1461 sui,
961 1399 984 1454 si
1004 1398 1100 1455 doinus

138 1490 184 1536 ant
199 1482 299 1537 landus
316 1491 361 1538 aut
378 1482 440 1555 quid
457 1481 577 1538 eiusdem
594 1484 701 1556 generis
718 1483 776 1546 erit,
793 1482 885 1539 sedern
900 1499 974 1540 nouo
990 1483 1100 1541 domino

137 1565 305 1638 patefecerit.
337 1564 389 1638 (6.)
412 1565 484 1633 Quae
500 1567 587 1622 onrrria
603 1569 763 1640 consignare
779 1567 844 1640 actis
859 1567 957 1625 iudicis
972 1577 1099 1641 praestat.

140 1657 170 1704 ut
195 1666 239 1706 res
262 1651 408 1708 multorum
430 1649 579 1715 mentibus,
604 1652 704 1713 oculis,
732 1650 840 1706 auribus
862 1659 973 1716 testata,
995 1653 1100 1708 nullum

137 1733 253 1808 cllupiat
278 1737 352 1802 cuius
369 1744 414 1791 aut
429 1735 568 1791 scientiam
584 1737 681 1809 capiat,
698 1743 743 1790 aut
759 1736 998 1793 dissimulationem
1015 1745 1098 1810 tegat.

138 1817 240 1884 Quodsi
255 1820 337 1875 iudex
353 1818 446 1882 aberit,
461 1821 504 1874 cui
527 1837 630 1876 summa
644 1821 800 1892 prouinciae
812 1822 953 1876 commissa
965 1828 1014 1881 est,
1027 1837 1100 1878 man·

138 1901 218 1956 detur
234 1903 305 1958 istud
323 1905 526 1976 magistratuum
542 1907 624 1968 actis,
642 1913 722 1977 atque
739 1912 768 1959 ut
784 1904 873 1959 nullus
896 1906 931 1959 sit
952 1902 1099 1960 subiciendi

137 1993 184 2040 aut
200 1986 364 2059 surripiendi
383 1988 473 2049 loeus,
496 2004 556 2042 cum
577 1989 701 2044 alterutri
716 1987 886 2043 commodum
906 1989 955 2049 sit,
972 1981 1100 2043 ’eorum‘5

139 2070 267 2143 exemplis
289 2071 369 2126 iidem
388 2073 560 2144 magistratus
577 2071 738 2128 adscribant.
772 2073 812 2126 sic
837 2073 907 2127 enim
934 2073 1100 2128 conscientia

138 2154 286 2210 multorum
302 2156 483 2211 monumentis
498 2155 659 2212 iudiciorum
674 2172 704 2210 ac
719 2155 883 2229 populorum
904 2151 1099 2229 'perscriptis7

139 2239 219 2295 'haut
234 2239 322 2297 litium
338 2233 437 2294 causa8
460 2240 641 2313 peruulgatis,
660 2239 782 2295 omnibus
799 2237 865 2295 fides
881 2240 1030 2296 abstrusior
1045 2259 1100 2296 non

136 2325 197 2380 erit.
243 2323 295 2396 (t.)
321 2324 397 2381 'lelio
419 2326 488 2380 eninr
504 2341 563 2380 esse
579 2332 689 2397 oportet
704 2319 917 2393 'dominiorum9
933 2326 1016 2388 initia,
1034 2343 1100 2398 quo·

7 2389 40 2412 ‘²'
137 2423 196 2462 rum
213 2408 338 2464 diuturna
352 2411 491 2481 possessio
507 2425 586 2482 saepe
602 2410 723 2482 legitima
743 2409 940 2482 proprietatum
960 2411 1019 2464 iura.
1039 2426 1099 2483 per·

138 2493 246 2566 iringit:
263 2492 323 2547 talis
340 2492 530 2550 liberalitatem
545 2494 682 2556 honestas,
700 2509 781 2566 quae,
799 2493 867 2548 loeis
888 2493 999 2550 clamata
1015 2497 1099 2550 omni·

137 2575 202 2640 bus,
229 2578 416 2650 accipientium
444 2578 656 2653 donantiunrque
688 2571 855 2634 'familios''⁰
879 2578 1045 2635 liberalitatis
1073 2589 1099 2634 et

136 2757 168 2822 88)
187 2775 216 2810 ac
234 2761 292 2812 edd.
310 2769 400 2812 contro
414 2762 490 2823 sidem
512 2761 543 2810 V.
613 2759 634 2822 ⁹)
654 2761 750 2809 sudando
767 2759 798 2811 V.
817 2759 1036 2810 correxitMoma.
1062 2763 1099 2809 uel

136 2828 214 2878 dando
233 2830 291 2880 edd.
311 2836 420 2878 ceterae.
456 2829 496 2876 De
518 2844 549 2877 re
566 2827 601 2890 cf.
621 2828 653 2879 L.
674 2835 705 2877 ta.
726 2827 753 2876 0.
774 2829 810 2877 ad
826 2829 873 2891 lep.
894 2827 970 2876 Corn.
990 2828 1022 2876 de
1036 2826 1098 2889 sats.

138 2893 170 2961 (a,
190 2895 235 2958 22).
312 2894 346 2960 ⁴⁰)
365 2899 451 2960 itaque
469 2897 509 2944 ed.
529 2895 619 2945 Moms.
698 2891 717 2954 ¹)
737 2893 859 2958 Suppleai
876 2909 910 2944 eae
928 2894 953 2946 I.
973 2893 1050 2949 Coct.,·
1068 2893 1098 2945 od

136 2978 243 3027 sequens
261 2972 350 3030 tempus
363 2964 490 3013 excidisse
502 2963 609 3012 videtur.
664 2959 687 3024 ²)
707 2960 790 3013 scoot.
803 2963 829 3010 in
841 2977 937 3026 marn:
956 2963 1098 3014 Donationes

137 3031 199 3093 apud
217 3040 268 3081 acta
289 3033 417 3082 firmandas
435 3038 457 3078 et
475 3031 637 3094 praesentibus
658 3031 738 3078 multis
756 3031 887 3094 inplendus
957 3029 977 3090 3)
998 3031 1098 3080 ‘sudse-

138 3101 241 3162 quntur'
255 3115 289 3149 ere
305 3097 594 3162 Tn.0.seppt.Bnctt.
646 3093 667 3161 ⁴)
682 3094 710 3146 uir
727 3096 759 3146 V.
780 3097 913 3150 uelntedd.
962 3095 982 3162 ⁵)
998 3096 1099 3147 Omissis

137 3167 216 3228 sionis
228 3191 261 3201 —
276 3191 303 3200 —
317 3164 352 3215 'Ea
371 3169 412 3216 ecl.
428 3167 520 3216 Hollw.
545 3165 623 3214 Recte
639 3167 734 3228 interp.
749 3166 789 3214 ed.
803 3165 893 3215 Mome.
945 3164 966 3228 θ)
986 3163 1031 3214 Ex
1047 3166 1072 3213 V
1075 3163 1097 3218 d.

135 3234 176 3284 ed.
190 3231 281 3282 Monte.
305 3248 386 3284 uerum
402 3236 462 3286 Vat.
475 3233 515 3286 ed.
529 3233 621 3284 Hoilw.
674 3230 1002 3295 neocaesareenses.
1028 3249 1096 3297 prae·

137 3302 234 3363 scriptis
251 3302 282 3349 V.
297 3303 355 3350 edd.
425 3299 446 3363 ⁸)
466 3308 521 3349 ante
539 3302 614 3350 litium
632 3302 839 3352 contestationem
857 3316 891 3350 eac
903 3299 938 3360 ej.
951 3301 992 3348 ed.
1005 3299 1097 3350 Mome.

137 3373 177 3418 aut
195 3369 270 3416 litium
288 3383 359 3418 causa
382 3370 441 3419 Vct.
459 3369 517 3419 edd.
535 3375 644 3419 ceterae.
680 3369 721 3432 Cf.
741 3367 775 3430 (7)
791 3371 837 3430 fin.
909 3363 930 3427 ο)
950 3367 1097 3416 dominorum
1179 3377 1183 3384 “

140 3437 174 3489 V.
194 3437 234 3488 ed.
253 3435 345 3486 Motae.
415 3433 447 3500 ⁵⁰)
468 3435 626 3486 ItaBueltll.
647 3437 687 3487 ed.
706 3437 796 3487 Monte.
832 3435 944 3486 familis*
966 3437 997 3486 V.
1030 3436 1097 3485 lami-

170 3552 294 3589 rvnrsen.
306 3551 400 3590 nnanr.
415 3551 476 3586 ner..
497 3511 544 3588 en.
557 3553 589 3586 11.
853 3522 894 3578 44
