2634 3974
225 175 275 224 398
290 161 303 168 ’
497 185 577 238 pren
596 184 700 219 earnm
721 183 801 218 seur.
818 171 859 218 lll.
878 169 916 218 4⁶.
936 225 938 230 ¹

227 329 303 384 bonis
329 327 454 383 interdici
478 333 579 400 potest„
638 321 664 382 7.
691 317 840 380 1²lloribus
867 340 918 398 per
937 331 1090 398 praetorem
1117 323 1202 380 honis

225 412 397 468 interdicitur
408 411 461 467 hoc
472 409 567 467 modo:
582 403 1198 474 (11111110’111133011121111111112111-
1265 465 1271 476 ,

227 515 288 562 ove
303 511 456 560 nnovmm
472 509 534 552 rvo
548 509 732 558 murreum,
749 509 949 558 nienuosove
966 505 1045 550 rvos
1062 507 1200 550 111111111-
1286 512 1290 520 ·

227 596 351 638 serrem
361 594 524 642 renovem,
537 594 578 636 oe
589 595 654 636 enm
664 571 934 636 nemu1e1’none4
948 592 1198 654 conmuumoovu
1294 646 1298 655 Ι

225 659 430 722 1111111210οῆ
479 662 508 720 8.
534 656 604 730 tout
626 663 658 718 ab
674 663 798 720 hostibus
809 669 908 737 captus
925 669 980 724 est,
1004 668 1198 718 testamentum

226 751 303 822 quasi
320 765 417 804 seruus
439 747 527 803 lacere
548 765 604 804 non
625 755 726 822 potest.
766 764 830 803 sane
852 747 925 803 ualet
946 753 1138 801 testamentum
1158 745 1197 808 id,

227 833 300 906 quod
322 840 382 887 ante
404 833 587 906 captiuitatem
609 832 786 896 factumest,
814 833 836 887 si
851 838 1019 892 reuertatur,
1047 831 1104 884 iure
1120 836 1199 902 post·

226 918 334 980 limlnli;
361 925 407 972 aut
422 917 445 971 si
466 916 564 972 ibidem
580 916 706 979 decedat,
732 915 864 972 beneficio
880 915 949 988 legis
965 912 1119 978 Corneliae,
1143 929 1197 986 qua

225 1002 287 1075 lege
308 1002 387 1056 etiam
408 1001 543 1074 legitimae
563 1001 665 1057 tutelae
688 1001 907 1072 hereditatesque
936 991 1121 1053 ’firmantur⁷
1165 993 1197 1052 9.

226 1082 274 1140 ὃ111
296 1085 410 1140 insulam
430 1085 569 1159 relegatus
591 1093 618 1142 et
635 1087 663 1141 in
679 1101 748 1159 opus
763 1078 901 1160 publicum
917 1083 949 1138 ad
965 1090 1072 1156 tempus
1089 1081 1200 1138 damna-

227 1180 270 1225 tus
293 1171 355 1243 quia
375 1171 475 1226 retinet
496 1171 646 1232 ciuitatem,
674 1177 865 1226 testamentum
884 1169 1094 1239 incompotem,
1122 1175 1199 1222 etex

225 1261 388 1311 testamento
404 1270 508 1328 cepere.
544 1253 592 1312 10.
610 1246 724 1310 ⁹Plures
741 1269 820 1327 quam
836 1261 940 1327 septem
956 1251 989 1307 ad
1005 1258 1198 1306 testamentum

227 1338 338 1394 adhibiti
353 1355 408 1395 non
423 1346 532 1394 nocent.
560 1338 698 1411 superflua
713 1340 784 1395 enim
800 1338 869 1393 loeta
883 1336 1015 1411 prodesse
1030 1333 1083 1390 iuri
1099 1337 1200 1390 'testa-

226 1416 472 1487 1nenti,²⁰n00ere
488 1439 543 1477 non
559 1430 684 1495 possunt.
726 1420 768 1479 11.
794 1417 841 1478 ¹ln
858 1421 970 1478 aduersa
985 1421 1108 1492 corporis
1125 1419 1199 1474 uale-

228 1507 320 1562 tudine
350 1514 439 1572 mente
470 1513 563 1580 captus
594 1523 626 1562 eo
654 1515 776 1580 tempore
809 1513 1001 1562 testamcutum
1027 1503 1115 1559 lacere
1141 1519 1198 1558 non

226 1597 327 1662 potest.
373 1587 419 1646 12.
444 1581 598 1664 ²Prodigus
613 1599 721 1664 recepta
737 1593 809 1648 uitae
825 1591 939 1647 sanitate
955 1589 987 1644 ad
1003 1587 1090 1644 bonos‘
1106 1604 1197 1643 mores

227 1690 353 1730 reuersus
375 1681 402 1728 et
422 1681 614 1730 testamentum
636 1674 725 1731 iacere
741 1675 815 1732 etad
832 1676 986 1732 testamenti
1004 1672 1136 1728 sollennia
1152 1671 1197 1726 ad·

249 1789 431 1798 ...-....,---

228 1837 256 1901 12)
279 1839 318 1902 Cf.
337 1839 369 1888 L.
391 1848 398 1886 i
418 1839 460 1902 pr'.
479 1839 513 1891 D.
532 1841 563 1888 de
582 1849 662 1892 curat.
679 1841 733 1903 fur.
755 1839 808 1902 (27,
829 1838 876 1903 to).
907 1840 1014 1902 Dionys.
1035 1845 1059 1893 4,
1078 1845 1109 1886 tt.
1141 1836 1194 1887 Cic.

227 1910 259 1957 de
277 1914 372 1956 reuect.
392 1915 411 1956 t.
443 1907 532 1956 Valer.
551 1907 629 1958 Maru
647 1917 668 1966 3,
688 1919 708 1957 5.
728 1906 755 1972 S.
774 1918 793 1960 2.
814 1917 838 1967 8,
858 1916 878 1958 6.
898 1905 924 1970 S.
944 1917 963 1955 1.
1035 1904 1056 1966 3)
1076 1904 1129 1952 Ne'c
1146 1903 1196 1952 ltoe

226 1979 323 2038 placet,
342 1990 389 2024 uec
406 1975 449 2024 tihi
468 1976 566 2033 relicta,
585 1977 713 2026 calvitium
730 1978 857 2040 suppleuit
876 1974 922 2024 Cd.
936 1983 968 2022 19.
998 1973 1068 2022 Vero
1083 1973 1196 2035 propior

226 2045 324 2092 videtur
341 2044 472 2106 scriptura
491 2041 554 2092 Ouid.
569 2051 589 2096 5,
603 2051 638 2094 9.:
658 2045 740 2100 tradis,
756 2059 808 2108 pro
827 2058 875 2109 quo
892 2043 951 2105 fere
971 2047 1065 2090 tuntum
1082 2040 1195 2102 pentina·

228 2113 304 2171 tiopr's
323 2123 371 2174 ope
389 2111 585 2160 restituendum:
603 2117 627 2159 tu
646 2110 738 2176 irritis)
753 2111 804 2162 llis.
829 2112 918 2160 Poena
937 2112 1000 2159 enim
1012 2109 1124 2156 Deorum
1142 2109 1195 2156 tra-

228 2186 308 2228 torum
324 2178 402 2241 furor
420 2185 458 2228 est
476 2175 542 2241 (Cic.
562 2179 594 2227 de
612 2178 716 2242 darusp.
735 2192 805 2242 resp.
827 2187 858 2238 ts,
878 2175 923 2241 39.)
941 2179 1000 2226 ideo
1019 2177 1120 2240 piaculo
1136 2177 1194 2238 pla-

227 2248 321 2296 candos
348 2244 444 2310 (Pleut.
468 2245 538 2298 Meu.
561 2255 586 2304 2,
607 2255 633 2308 2,
657 2255 687 2296 tt.
716 2247 785 2296 Fert.
808 2263 831 2298 u.
852 2244 953 2309 Pieri):
980 2245 1021 2294 eui
1039 2243 1196 2306 prodipendi

228 2317 341 2364 ursonem
353 2315 497 2376 cupidinem
514 2315 651 2363 assiurilert'
663 2315 770 2378 placuit.
798 2314 857 2364 Vid.
871 2315 1009 2363 etiamuot.
1023 2325 1076 2375 seq.
1128 2307 1149 2371 4)
1169 2325 1195 2358 ea

227 2397 252 2428 re
271 2381 371 2446 quidam
384 2379 448 2430 cdd.
462 2381 520 2429 edd.
548 2395 603 2430 nere
619 2383 736 2447 plerique
750 2382 814 2434 cdd.
843 2382 965 2431 Neutrum
976 2381 1069 2443 placet.
1095 2376 1197 2441 Scripsi

228 2451 299 2506 Lare,
319 2463 335 2496 a
353 2449 423 2496 cuiue
440 2450 507 2496 cultu
525 2449 612 2498 domus
630 2456 745 2512 paterno
767 2451 884 2515 auitoque
903 2463 982 2514 eoque
1005 2447 1139 2498 dominium
1156 2445 1198 2508 fn-

170 2556 179 2572 ,
227 2515 325 2564 utiliore
348 2514 484 2577 pendebat.
522 2514 561 2577 Of.
584 2515 671 2569 Plaut.
691 2517 778 2570 Arrlul.
801 2519 855 2566 init.
879 2517 975 2568 Horat.
994 2513 1041 2566 Od.
1062 2523 1084 2571 1,
1105 2522 1142 2570 12,
1161 2521 1195 2564 43.

228 2582 283 2634 Sat.
296 2591 315 2637 1,
328 2590 348 2639 2,
367 2589 400 2629 to.
430 2581 525 2646 Itaque
543 2590 569 2632 et
585 2586 713 2647 sacrificio
732 2582 890 2648 (domestico)
909 2591 934 2634 et
951 2584 1098 2634 commercio
1117 2585 1195 2632 iuter·

228 2651 358 2698 (licendum
377 2656 440 2706 erat,
459 2651 535 2714 idque
553 2658 624 2700 recte
637 2651 717 2714 fiebat
734 2669 751 2702 a
768 2661 899 2716 praetore,
919 2668 973 2702 cum
985 2651 1042 2698 Lar
1054 2665 1104 2699 uon
1116 2652 1196 2700 mitius

228 2733 300 2780 quam
317 2719 399 2767 iustae
417 2721 521 2780 nuptiae
539 2725 565 2766 et
582 2720 686 2783 legitimi
703 2720 777 2770 liberi
793 2722 856 2770 iuris
868 2722 946 2771 ciuilis
958 2720 999 2770 stt.
1028 2717 1080 2768 otc.
1094 2719 1126 2768 de
1138 2731 1195 2780 rep.

227 2795 245 2843 5,
259 2795 280 2833 5.
304 2785 370 2834 Nam
387 2791 412 2834 et
429 2800 483 2834 cum
500 2786 709 2838 doeroveuditur.
767 2786 788 2851 5)
808 2789 842 2838 ln
859 2789 989 2853 plerisque
1004 2786 1197 2850 Odd.cepuitur

227 2869 290 2903 uoco
307 2854 377 2906 rubr.
398 2847 434 2915 (iu
452 2855 492 2906 ed.
511 2853 597 2906 Haeo.
620 2856 657 2906 tit.
681 2855 743 2921 VI.)
763 2858 818 2906 item
837 2858 866 2907 dc
884 2855 1039 2906 testamentis.
1109 2851 1130 2916 ο)
1150 2851 1193 2912 Of.

227 2921 254 2982 S.
273 2923 317 2973 ult.
336 2921 360 2971 1.
381 2921 447 2986 quib.
466 2939 489 2970 u.
508 2938 629 2986 operm.
647 2924 701 2986 fac.
720 2931 776 2975 teet.
797 2923 832 2987 (2,
852 2923 895 2987 12).
970 2922 991 2984 ⁷)
1017 2919 1106 2970 Malim
1128 2919 1195 2968 c'tir·

228 2997 326 3038 tuantur.
351 2989 391 3038 tte
409 3005 439 3038 re
457 2990 491 3051 ef.
510 2990 545 3039 L.
564 3000 589 3039 22
604 3007 648 3055 pr.
667 2993 701 3040 D.
720 2994 752 3042 de
770 2999 838 3056 capt.
860 2991 902 3056 (19,
922 2991 966 3055 15).
993 2990 1024 3038 L.
1040 2997 1058 3036 1.
1078 2984 1106 3050 S.
1119 2995 1139 3038 1.
1159 2986 1193 3033 D.

227 3058 257 3105 de
275 3058 327 3105 suis
346 3065 371 3106 et
390 3059 437 3120 lep.
458 3055 502 3120 (38,
523 3057 567 3121 16).
639 3057 660 3122 8)
680 3059 720 3122 Cf.
742 3060 772 3112 L.
785 3069 806 3109 8.
825 3058 852 3122 S.
871 3057 891 3112 32
910 3062 944 3110 D.
964 3059 1007 3124 qui
1022 3061 1123 3105 testam.
1140 3054 1195 3117 fac.

227 3122 326 3189 (28,1).
362 3124 395 3175 E·
415 3133 436 3178 7.
459 3123 486 3188 3·
505 3134 525 3176 3.
547 3128 580 3175 D.
600 3129 632 3176 de
650 3129 744 3180 interd.
768 3134 793 3176 et
814 3131 861 3179 rel.
881 3127 929 3190 (48,
949 3126 995 3188 22).
1030 3124 1063 3175 L.
1083 3132 1103 3171 8.
1129 3120 1155 3186 8.
1174 3129 1195 3170 8.
1229 3163 1231 3169 .
1306 3095 1309 3152 l

226 3189 378 3255 L.1t.S.1.
398 3191 611 3257 2213316.
630 3192 927 3259 D.ctepoen.(m,re).,
972 3193 994 3256 9)
1015 3192 1054 3255 Of.
1068 3191 1102 3241 L.
1115 3201 1140 3240 21
1151 3205 1196 3254 pr.

226 3261 258 3310 l).
278 3263 322 3326 qui
338 3267 434 3310 tertam.
452 3260 506 3322 fac.
521 3262 562 3324 (28,
578 3260 609 3325 1).
633 3263 665 3312 L.
680 3271 712 3316 tr.
727 3262 754 3312 0.
768 3264 799 3312 de
813 3270 910 3312 testam.
925 3260 957 3326 (6,
969 3255 1015 3324 td).
1069 3256 1103 3323 ²⁰)
1123 3267 1197 3308 testa·

227 3336 329 3378 utentum
350 3329 412 3380 odd.
427 3327 478 3377 tib.
491 3337 524 3379 31,
553 3339 641 3380 tantum
661 3327 717 3394 (alii
735 3329 823 3396 tamen)
843 3333 925 3381 ceteri
941 3329 1005 3379 Gdd.
1025 3327 1085 3378 edd.
1104 3341 1195 3377 errore

227 3413 261 3444 ere
279 3404 339 3446 notu
357 3404 423 3446 orto.
478 3395 498 3460 ¹)
517 3398 567 3446 Est
585 3401 660 3448 ettam
678 3398 755 3450 L.17.
774 3398 807 3445 D.
828 3400 871 3462 qui
888 3405 945 3448 test.
966 3395 1056 3458 (2111).
1111 3394 1133 3460 ²]
1152 3393 1194 3458 Cf·

227 3465 257 3510 L.
279 3475 288 3512 1
305 3480 347 3528 pr.
365 3465 398 3513 D.
418 3467 450 3514 de
468 3469 549 3513 curat.
567 3465 621 3526 sur.
641 3463 684 3526 (et,
705 3466 748 3527 to).
