<?xml version="1.0" encoding="UTF-8"?>
<!DOCTYPE html PUBLIC "-//W3C//DTD XHTML 1.0 Transitional//EN"
    "http://www.w3.org/TR/xhtml1/DTD/xhtml1-transitional.dtd">
<html xmlns="http://www.w3.org/1999/xhtml" xml:lang="en" lang="en">
 <head>
  <title>
</title>
<meta http-equiv="Content-Type" content="text/html;charset=utf-8" />
  <meta name='ocr-system' content='tesseract 3.04.00' />
  <meta name='ocr-capabilities' content='ocr_page ocr_carea ocr_par ocr_line ocrx_word'/>
</head>
<body>
  <div class='ocr_page' id='page_1' title='image "./ivrisprvdentiae01huscgoog_0130.png"; bbox 0 0 2634 3966; ppageno 0'>
   <div class='ocr_carea' id='block_1_1' title="bbox 215 165 874 216">
    <p class='ocr_par' dir='ltr' id='par_1_1' title="bbox 185 135 874 216">
     <span class='ocr_line' id='line_1_1' title="bbox 215 165 874 216; baseline 0.001 -1.956"><span class='ocrx_word' id='word_1_1' title='bbox 215 165 266 214; x_wconf 80' lang='lat'><strong>112</strong></span> <span class='ocrx_word' id='word_1_2' title='bbox 523 178 585 214; x_wconf 76' lang='lat' dir='ltr'><strong>otti</strong></span> <span class='ocrx_word' id='word_1_3' title='bbox 604 179 707 216; x_wconf 76' lang='lat' dir='ltr'><strong>msam.</strong></span> <span class='ocrx_word' id='word_1_4' title='bbox 727 166 746 216; x_wconf 89' lang='lat' dir='ltr'><strong>i.</strong></span> <span class='ocrx_word' id='word_1_5' title='bbox 766 167 874 216; x_wconf 81' lang='lat'>44-45.</span> 
     </span>
    </p>
   </div>
   <div class='ocr_carea' id='block_1_2' title="bbox 9 315 1273 1662">
    <p class='ocr_par' dir='ltr' id='par_1_2' title="bbox 9 315 1273 1662">
     <span class='ocr_line' id='line_1_2' title="bbox 96 315 1184 394; baseline 0.005 -20"><span class='ocrx_word' id='word_1_6' title='bbox 96 327 100 336; x_wconf 73' lang='grc'><strong>”</strong></span> <span class='ocrx_word' id='word_1_7' title='bbox 132 327 134 332; x_wconf 83' lang='grc'>’</span> <span class='ocrx_word' id='word_1_8' title='bbox 171 327 183 354; x_wconf 68' lang='lat'><strong>²</strong></span> <span class='ocrx_word' id='word_1_9' title='bbox 215 328 260 375; x_wconf 85' lang='lat' dir='ltr'><strong>ant</strong></span> <span class='ocrx_word' id='word_1_10' title='bbox 276 320 344 376; x_wconf 72' lang='lat' dir='ltr'><strong>riuos</strong></span> <span class='ocrx_word' id='word_1_11' title='bbox 361 321 442 377; x_wconf 82' lang='lat' dir='ltr'><strong>hahet</strong></span> <span class='ocrx_word' id='word_1_12' title='bbox 463 320 626 389; x_wconf 82' lang='lat' dir='ltr'><strong>’duntaxut,</strong></span> <span class='ocrx_word' id='word_1_13' title='bbox 644 321 716 376; x_wconf 82' lang='lat' dir='ltr'><strong>uidit</strong></span> <span class='ocrx_word' id='word_1_14' title='bbox 731 323 765 376; x_wconf 87' lang='lat' dir='ltr'><strong>de</strong></span> <span class='ocrx_word' id='word_1_15' title='bbox 782 337 813 377; x_wconf 88' lang='lat' dir='ltr'><strong>eo</strong></span> <span class='ocrx_word' id='word_1_16' title='bbox 828 324 892 394; x_wconf 82' lang='lat' dir='ltr'><strong>tepe</strong></span> <span class='ocrx_word' id='word_1_17' title='bbox 907 315 1065 378; x_wconf 70' lang='grc' dir='ltr'><strong>ιιιιιιιιιν44</strong></span> <span class='ocrx_word' id='word_1_18' title='bbox 1081 331 1108 378; x_wconf 92' lang='lat' dir='ltr'><strong>et</strong></span> <span class='ocrx_word' id='word_1_19' title='bbox 1123 324 1184 379; x_wconf 85' lang='lat' dir='ltr'><strong>ideo</strong></span> 
     </span>
     <span class='ocr_line' id='line_1_3' title="bbox 214 402 1273 477; baseline 0 -18"><span class='ocrx_word' id='word_1_20' title='bbox 214 403 324 460; x_wconf 86' lang='lat' dir='ltr'><strong>iihemm</strong></span> <span class='ocrx_word' id='word_1_21' title='bbox 340 404 420 460; x_wconf 81' lang='lat' dir='ltr'><strong>habet</strong></span> <span class='ocrx_word' id='word_1_22' title='bbox 441 411 603 477; x_wconf 87' lang='lat' dir='ltr'><strong>potestatem</strong></span> <span class='ocrx_word' id='word_1_23' title='bbox 626 405 839 460; x_wconf 81' lang='lat' dir='ltr'><strong>manumittendi.</strong></span> <span class='ocrx_word' id='word_1_24' title='bbox 884 402 935 462; x_wconf 91' lang='lat'><strong>44.</strong></span> <span class='ocrx_word' id='word_1_25' title='bbox 960 407 997 461; x_wconf 85' lang='lat' dir='ltr'><strong>dc</strong></span> <span class='ocrx_word' id='word_1_26' title='bbox 1017 423 1068 462; x_wconf 88' lang='lat' dir='ltr'><strong>nec</strong></span> <span class='ocrx_word' id='word_1_27' title='bbox 1089 407 1120 462; x_wconf 84' lang='lat' dir='ltr'><strong>ed</strong></span> <span class='ocrx_word' id='word_1_28' title='bbox 1137 426 1184 464; x_wconf 89' lang='lat' dir='ltr'><strong>eos</strong></span> <span class='ocrx_word' id='word_1_29' title='bbox 1269 451 1273 459; x_wconf 78' lang='lat'><em>.</em></span> 
     </span>
     <span class='ocr_line' id='line_1_4' title="bbox 33 489 1185 564; baseline 0.003 -20"><span class='ocrx_word' id='word_1_30' title='bbox 33 541 62 564; x_wconf 70' lang='lat'><strong>‚,</strong></span> <span class='ocrx_word' id='word_1_31' title='bbox 148 497 160 534; x_wconf 76' lang='grc'><strong>-’</strong></span> <span class='ocrx_word' id='word_1_32' title='bbox 215 490 326 562; x_wconf 80' lang='lat' dir='ltr'><strong>quidem</strong></span> <span class='ocrx_word' id='word_1_33' title='bbox 342 491 451 545; x_wconf 93' lang='lat' dir='ltr'><strong>omnino</strong></span> <span class='ocrx_word' id='word_1_34' title='bbox 468 490 533 544; x_wconf 79' lang='lat' dir='ltr'><strong>haec</strong></span> <span class='ocrx_word' id='word_1_35' title='bbox 548 489 591 544; x_wconf 79' lang='lat' dir='ltr'><strong>len</strong></span> <span class='ocrx_word' id='word_1_36' title='bbox 605 491 736 562; x_wconf 76' lang='lat' dir='ltr'>pertinet,</span> <span class='ocrx_word' id='word_1_37' title='bbox 761 491 886 562; x_wconf 88' lang='lat' dir='ltr'><strong>quisine</strong></span> <span class='ocrx_word' id='word_1_38' title='bbox 907 497 1071 548; x_wconf 86' lang='lat' dir='ltr'><strong>testamento</strong></span> <span class='ocrx_word' id='word_1_39' title='bbox 1092 508 1185 548; x_wconf 81' lang='lat' dir='ltr'><strong>manu·</strong></span> 
     </span>
     <span class='ocr_line' id='line_1_5' title="bbox 26 564 1184 646; baseline 0.005 -20"><span class='ocrx_word' id='word_1_40' title='bbox 26 564 63 632; x_wconf 69' lang='lat'><strong>&#39;3</strong></span> <span class='ocrx_word' id='word_1_41' title='bbox 182 589 189 626; x_wconf 88' lang='grc'><strong>.·</strong></span> <span class='ocrx_word' id='word_1_42' title='bbox 215 576 335 630; x_wconf 84' lang='grc' dir='ltr'>ιιιὶιιιιιιι.</span> <span class='ocrx_word' id='word_1_43' title='bbox 357 573 450 646; x_wconf 79' lang='lat' dir='ltr'><strong>ltaque</strong></span> <span class='ocrx_word' id='word_1_44' title='bbox 461 573 524 630; x_wconf 88' lang='lat' dir='ltr'><strong>licet</strong></span> <span class='ocrx_word' id='word_1_45' title='bbox 542 573 582 636; x_wconf 86' lang='lat' dir='ltr'><strong>iis,</strong></span> <span class='ocrx_word' id='word_1_46' title='bbox 602 575 648 646; x_wconf 91' lang='lat' dir='ltr'><strong>qui</strong></span> <span class='ocrx_word' id='word_1_47' title='bbox 660 573 779 629; x_wconf 85' lang='lat' dir='ltr'><strong>uindicta</strong></span> <span class='ocrx_word' id='word_1_48' title='bbox 791 581 838 630; x_wconf 82' lang='lat' dir='ltr'><strong>aut</strong></span> <span class='ocrx_word' id='word_1_49' title='bbox 848 591 931 630; x_wconf 86' lang='lat' dir='ltr'><strong>censu</strong></span> <span class='ocrx_word' id='word_1_50' title='bbox 947 577 1073 632; x_wconf 83' lang='lat' dir='ltr'><strong>autinter</strong></span> <span class='ocrx_word' id='word_1_51' title='bbox 1085 578 1184 632; x_wconf 81' lang='lat' dir='ltr'><strong>anticos</strong></span> 
     </span>
     <span class='ocr_line' id='line_1_6' title="bbox 87 657 1186 724; baseline 0.002 -10"><span class='ocrx_word' id='word_1_52' title='bbox 87 718 89 724; x_wconf 68' lang='grc'>,</span> <span class='ocrx_word' id='word_1_53' title='bbox 128 677 129 680; x_wconf 66' lang='grc'>’</span> <span class='ocrx_word' id='word_1_54' title='bbox 214 659 413 721; x_wconf 74' lang='lat' dir='ltr'><strong>manumittunt,</strong></span> <span class='ocrx_word' id='word_1_55' title='bbox 430 666 515 713; x_wconf 86' lang='lat' dir='ltr'><strong>totam</strong></span> <span class='ocrx_word' id='word_1_56' title='bbox 527 657 653 713; x_wconf 81' lang='lat' dir='ltr'><strong>familiam</strong></span> <span class='ocrx_word' id='word_1_57' title='bbox 665 674 742 713; x_wconf 85' lang='lat' dir='ltr'><strong>suam</strong></span> <span class='ocrx_word' id='word_1_58' title='bbox 753 658 876 721; x_wconf 84' lang='lat' dir='ltr'><strong>liberere,</strong></span> <span class='ocrx_word' id='word_1_59' title='bbox 890 660 993 716; x_wconf 89' lang='lat' dir='ltr'><strong>scilicet</strong></span> <span class='ocrx_word' id='word_1_60' title='bbox 1006 661 1029 715; x_wconf 93' lang='lat' dir='ltr'><strong>si</strong></span> <span class='ocrx_word' id='word_1_61' title='bbox 1041 660 1093 716; x_wconf 81' lang='lat' dir='ltr'><strong>alia</strong></span> <span class='ocrx_word' id='word_1_62' title='bbox 1105 677 1186 717; x_wconf 87' lang='lat' dir='ltr'><strong>causo</strong></span> 
     </span>
     <span class='ocr_line' id='line_1_7' title="bbox 86 733 1184 818; baseline 0.003 -21"><span class='ocrx_word' id='word_1_63' title='bbox 86 733 91 754; x_wconf 74' lang='lat'><em>³</em></span> <span class='ocrx_word' id='word_1_64' title='bbox 129 815 130 818; x_wconf 7' lang='grc' dir='ltr'><strong>Ἴ</strong></span> <span class='ocrx_word' id='word_1_65' title='bbox 213 761 268 798; x_wconf 89' lang='lat' dir='ltr'><strong>non</strong></span> <span class='ocrx_word' id='word_1_66' title='bbox 282 743 401 815; x_wconf 83' lang='lat' dir='ltr'><strong>inpediat</strong></span> <span class='ocrx_word' id='word_1_67' title='bbox 416 741 577 798; x_wconf 84' lang='lat' dir='ltr'><strong>libertatem.</strong></span> <span class='ocrx_word' id='word_1_68' title='bbox 623 739 672 798; x_wconf 83' lang='lat'><strong>45.</strong></span> <span class='ocrx_word' id='word_1_69' title='bbox 697 742 750 798; x_wconf 91' lang='lat' dir='ltr'><strong>Sed</strong></span> <span class='ocrx_word' id='word_1_70' title='bbox 766 743 840 815; x_wconf 91' lang='lat' dir='ltr'><strong>quod</strong></span> <span class='ocrx_word' id='word_1_71' title='bbox 856 746 890 799; x_wconf 87' lang='lat' dir='ltr'><strong>de</strong></span> <span class='ocrx_word' id='word_1_72' title='bbox 907 761 1020 800; x_wconf 80' lang='lat' dir='ltr'><strong>numero</strong></span> <span class='ocrx_word' id='word_1_73' title='bbox 1038 762 1184 801; x_wconf 85' lang='lat' dir='ltr'><strong>seruorum</strong></span> 
     </span>
     <span class='ocr_line' id='line_1_8' title="bbox 211 825 1184 900; baseline 0.002 -18"><span class='ocrx_word' id='word_1_74' title='bbox 211 833 374 882; x_wconf 83' lang='lat' dir='ltr'><strong>testamento</strong></span> <span class='ocrx_word' id='word_1_75' title='bbox 390 825 666 883; x_wconf 84' lang='lat' dir='ltr'><strong>manumittendorum</strong></span> <span class='ocrx_word' id='word_1_76' title='bbox 682 827 807 890; x_wconf 79' lang='lat' dir='ltr'>diximus,</span> <span class='ocrx_word' id='word_1_77' title='bbox 824 829 861 883; x_wconf 83' lang='lat' dir='ltr'><strong>ita</strong></span> <span class='ocrx_word' id='word_1_78' title='bbox 876 829 1078 900; x_wconf 83' lang='lat' dir='ltr'><strong>intellepemus,</strong></span> <span class='ocrx_word' id='word_1_79' title='bbox 1097 837 1129 885; x_wconf 93' lang='lat' dir='ltr'><strong>ut</strong></span> <span class='ocrx_word' id='word_1_80' title='bbox 1145 845 1184 885; x_wconf 78' lang='lat' dir='ltr'><strong>ex</strong></span> 
     </span>
     <span class='ocr_line' id='line_1_9' title="bbox 46 901 1182 988; baseline -0.001 -20"><span class='ocrx_word' id='word_1_81' title='bbox 46 967 57 988; x_wconf 31' lang='grc' dir='ltr'>Ἣ</span> <span class='ocrx_word' id='word_1_82' title='bbox 102 941 104 946; x_wconf 38' lang='lat' dir='ltr'><strong><em>s</em></strong></span> <span class='ocrx_word' id='word_1_83' title='bbox 179 943 186 962; x_wconf 60' lang='lat' dir='ltr'><strong>r</strong></span> <span class='ocrx_word' id='word_1_84' title='bbox 212 901 391 974; x_wconf 78' lang='lat' dir='ltr'><strong>annumero,</strong></span> <span class='ocrx_word' id='word_1_85' title='bbox 414 928 446 968; x_wconf 80' lang='lat' dir='ltr'><strong>en</strong></span> <span class='ocrx_word' id='word_1_86' title='bbox 468 927 522 985; x_wconf 89' lang='lat' dir='ltr'><strong>quo</strong></span> <span class='ocrx_word' id='word_1_87' title='bbox 544 911 652 966; x_wconf 85' lang='lat' dir='ltr'><strong>dimidia</strong></span> <span class='ocrx_word' id='word_1_88' title='bbox 672 919 718 966; x_wconf 68' lang='lat' dir='ltr'><strong>snut</strong></span> <span class='ocrx_word' id='word_1_89' title='bbox 740 913 819 967; x_wconf 84' lang='lat' dir='ltr'><strong>tertia</strong></span> <span class='ocrx_word' id='word_1_90' title='bbox 840 921 886 968; x_wconf 86' lang='lat' dir='ltr'><strong>aut</strong></span> <span class='ocrx_word' id='word_1_91' title='bbox 908 921 1003 986; x_wconf 84' lang='lat' dir='ltr'><strong>quanta</strong></span> <span class='ocrx_word' id='word_1_92' title='bbox 1024 921 1070 968; x_wconf 84' lang='lat' dir='ltr'><strong>aut</strong></span> <span class='ocrx_word' id='word_1_93' title='bbox 1088 915 1182 986; x_wconf 85' lang='lat' dir='ltr'><strong>quinte</strong></span> 
     </span>
     <span class='ocr_line' id='line_1_10' title="bbox 43 985 1184 1074; baseline 0.002 -22"><span class='ocrx_word' id='word_1_94' title='bbox 43 985 48 996; x_wconf 71' lang='grc'><strong>”</strong></span> <span class='ocrx_word' id='word_1_95' title='bbox 180 989 182 996; x_wconf 70' lang='grc'>’</span> <span class='ocrx_word' id='word_1_96' title='bbox 212 1013 274 1074; x_wconf 82' lang='lat' dir='ltr'><strong>pars</strong></span> <span class='ocrx_word' id='word_1_97' title='bbox 289 994 396 1052; x_wconf 84' lang='lat' dir='ltr'><strong>liberari</strong></span> <span class='ocrx_word' id='word_1_98' title='bbox 406 1003 517 1068; x_wconf 86' lang='lat' dir='ltr'><strong>potest,</strong></span> <span class='ocrx_word' id='word_1_99' title='bbox 541 999 638 1068; x_wconf 84' lang='lat' dir='ltr'><strong>utique</strong></span> <span class='ocrx_word' id='word_1_100' title='bbox 661 1002 699 1052; x_wconf 87' lang='lat' dir='ltr'><strong>tot</strong></span> <span class='ocrx_word' id='word_1_101' title='bbox 720 1001 919 1052; x_wconf 80' lang='lat' dir='ltr'><strong>manumittere</strong></span> <span class='ocrx_word' id='word_1_102' title='bbox 941 997 1035 1060; x_wconf 83' lang='lat' dir='ltr'><strong>liceat,</strong></span> <span class='ocrx_word' id='word_1_103' title='bbox 1059 1005 1128 1070; x_wconf 92' lang='lat' dir='ltr'><strong>quot</strong></span> <span class='ocrx_word' id='word_1_104' title='bbox 1150 1015 1184 1054; x_wconf 82' lang='lat' dir='ltr'><strong>et</strong></span> 
     </span>
     <span class='ocr_line' id='line_1_11' title="bbox 212 1080 1182 1154; baseline -0.002 -16.292"><span class='ocrx_word' id='word_1_105' title='bbox 212 1080 381 1140; x_wconf 81' lang='lat' dir='ltr'><strong>antecedenti</strong></span> <span class='ocrx_word' id='word_1_106' title='bbox 406 1097 518 1138; x_wconf 82' lang='lat' dir='ltr'><strong>numero</strong></span> <span class='ocrx_word' id='word_1_107' title='bbox 544 1080 628 1138; x_wconf 86' lang='lat' dir='ltr'><strong>licuit.</strong></span> <span class='ocrx_word' id='word_1_108' title='bbox 665 1089 692 1136; x_wconf 88' lang='lat' dir='ltr'><strong>et</strong></span> <span class='ocrx_word' id='word_1_109' title='bbox 718 1081 770 1137; x_wconf 88' lang='lat' dir='ltr'><strong>hoo</strong></span> <span class='ocrx_word' id='word_1_110' title='bbox 795 1082 853 1153; x_wconf 80' lang='lat' dir='ltr'><strong>ipss</strong></span> <span class='ocrx_word' id='word_1_111' title='bbox 872 1083 934 1154; x_wconf 79' lang='lat' dir='ltr'><strong>lepe</strong></span> <span class='ocrx_word' id='word_1_112' title='bbox 951 1083 1101 1152; x_wconf 87' lang='lat' dir='ltr'><strong>prouisum</strong></span> <span class='ocrx_word' id='word_1_113' title='bbox 1127 1089 1182 1137; x_wconf 92' lang='lat' dir='ltr'><strong>est:</strong></span> 
     </span>
     <span class='ocr_line' id='line_1_12' title="bbox 115 1164 1181 1238; baseline -0.002 -16"><span class='ocrx_word' id='word_1_114' title='bbox 115 1179 117 1182; x_wconf 86' lang='grc'><strong><em>·</em></strong></span> <span class='ocrx_word' id='word_1_115' title='bbox 163 1181 164 1184; x_wconf 73' lang='grc'>’</span> <span class='ocrx_word' id='word_1_116' title='bbox 213 1173 270 1223; x_wconf 83' lang='lat' dir='ltr'><strong>erat</strong></span> <span class='ocrx_word' id='word_1_117' title='bbox 285 1168 356 1222; x_wconf 85' lang='lat' dir='ltr'><strong>enim</strong></span> <span class='ocrx_word' id='word_1_118' title='bbox 371 1182 435 1220; x_wconf 84' lang='lat' dir='ltr'><strong>sanc</strong></span> <span class='ocrx_word' id='word_1_119' title='bbox 450 1164 610 1227; x_wconf 85' lang='lat' dir='ltr'><strong>absordum,</strong></span> <span class='ocrx_word' id='word_1_120' title='bbox 633 1173 664 1219; x_wconf 94' lang='lat' dir='ltr'><strong>ut</strong></span> <span class='ocrx_word' id='word_1_121' title='bbox 678 1183 699 1220; x_wconf 87' lang='lat' dir='ltr'><strong>x</strong></span> <span class='ocrx_word' id='word_1_122' title='bbox 720 1181 862 1220; x_wconf 82' lang='lat' dir='ltr'><strong>seruorum</strong></span> <span class='ocrx_word' id='word_1_123' title='bbox 883 1166 994 1221; x_wconf 89' lang='lat' dir='ltr'><strong>domino</strong></span> <span class='ocrx_word' id='word_1_124' title='bbox 1012 1168 1132 1238; x_wconf 87' lang='lat' dir='ltr'><strong>quinque</strong></span> <span class='ocrx_word' id='word_1_125' title='bbox 1147 1166 1181 1220; x_wconf 91' lang='lat' dir='ltr'><strong>li·</strong></span> 
     </span>
     <span class='ocr_line' id='line_1_13' title="bbox 90 1243 1181 1346; baseline -0.002 -40"><span class='ocrx_word' id='word_1_126' title='bbox 90 1265 91 1270; x_wconf 52' lang='lat'><em>*</em></span> <span class='ocrx_word' id='word_1_127' title='bbox 134 1243 153 1302; x_wconf 71' lang='lat' dir='ltr'>J</span> <span class='ocrx_word' id='word_1_128' title='bbox 182 1289 184 1294; x_wconf 68' lang='lat'>,</span> <span class='ocrx_word' id='word_1_129' title='bbox 212 1251 306 1306; x_wconf 81' lang='lat' dir='ltr'><strong>berane</strong></span> <span class='ocrx_word' id='word_1_130' title='bbox 329 1250 436 1313; x_wconf 85' lang='lat' dir='ltr'><strong>liceret,</strong></span> <span class='ocrx_word' id='word_1_131' title='bbox 465 1251 527 1322; x_wconf 85' lang='lat' dir='ltr'><strong>quia</strong></span> <span class='ocrx_word' id='word_1_132' title='bbox 550 1265 637 1346; x_wconf 81' lang='lat' dir='ltr'><strong>usque</strong></span> <span class='ocrx_word' id='word_1_133' title='bbox 661 1249 693 1304; x_wconf 82' lang='lat' dir='ltr'><strong>ad</strong></span> <span class='ocrx_word' id='word_1_134' title='bbox 719 1249 853 1305; x_wconf 81' lang='lat' dir='ltr'>dimidiam</span> <span class='ocrx_word' id='word_1_135' title='bbox 879 1259 984 1324; x_wconf 84' lang='lat' dir='ltr'><strong>pentem</strong></span> <span class='ocrx_word' id='word_1_136' title='bbox 1011 1249 1103 1322; x_wconf 80' lang='lat' dir='ltr'><strong>⁹(eius)</strong></span> <span class='ocrx_word' id='word_1_137' title='bbox 1129 1267 1181 1306; x_wconf 94' lang='lat' dir='ltr'><strong>nu-</strong></span> 
     </span>
     <span class='ocr_line' id='line_1_14' title="bbox 18 1329 1185 1396; baseline 0 -7"><span class='ocrx_word' id='word_1_138' title='bbox 18 1336 44 1389; x_wconf 67' lang='lat' dir='ltr'>J</span> <span class='ocrx_word' id='word_1_139' title='bbox 214 1329 300 1392; x_wconf 83' lang='lat' dir='ltr'><strong>meri⁵</strong></span> <span class='ocrx_word' id='word_1_140' title='bbox 326 1335 514 1390; x_wconf 86' lang='lat' dir='ltr'><strong>manumittere</strong></span> <span class='ocrx_word' id='word_1_141' title='bbox 536 1335 560 1388; x_wconf 89' lang='lat' dir='ltr'><strong>ei</strong></span> <span class='ocrx_word' id='word_1_142' title='bbox 581 1333 752 1396; x_wconf 80' lang='lat' dir='ltr'><strong>conceditur</strong></span> <span class='ocrx_word' id='word_1_143' title='bbox 779 1336 895 1390; x_wconf 83' lang='lat' dir='ltr'><strong>ulterius</strong></span> <span class='ocrx_word' id='word_1_144' title='bbox 917 1329 1029 1390; x_wconf 74' lang='lat' dir='ltr'><strong>autem⁶</strong></span> <span class='ocrx_word' id='word_1_145' title='bbox 1054 1351 1101 1392; x_wconf 85' lang='lat' dir='ltr'><strong>xtt</strong></span> <span class='ocrx_word' id='word_1_146' title='bbox 1128 1352 1185 1390; x_wconf 85' lang='lat' dir='ltr'><strong>ser·</strong></span> 
     </span>
     <span class='ocr_line' id='line_1_15' title="bbox 213 1418 1180 1492; baseline 0.004 -22.129"><span class='ocrx_word' id='word_1_147' title='bbox 213 1437 263 1476; x_wconf 89' lang='lat' dir='ltr'><strong>uos</strong></span> <span class='ocrx_word' id='word_1_148' title='bbox 280 1419 387 1476; x_wconf 80' lang='lat' dir='ltr'><strong>habenti</strong></span> <span class='ocrx_word' id='word_1_149' title='bbox 401 1435 457 1474; x_wconf 94' lang='lat' dir='ltr'><strong>non</strong></span> <span class='ocrx_word' id='word_1_150' title='bbox 471 1419 563 1492; x_wconf 86' lang='lat' dir='ltr'><strong>plures</strong></span> <span class='ocrx_word' id='word_1_151' title='bbox 579 1418 673 1474; x_wconf 83' lang='lat' dir='ltr'><strong>liceret</strong></span> <span class='ocrx_word' id='word_1_152' title='bbox 688 1423 877 1474; x_wconf 83' lang='lat' dir='ltr'><strong>manumittere</strong></span> <span class='ocrx_word' id='word_1_153' title='bbox 895 1436 974 1492; x_wconf 84' lang='lat' dir='ltr'><strong>quam</strong></span> <span class='ocrx_word' id='word_1_154' title='bbox 996 1436 1062 1483; x_wconf 84' lang='lat'>1111;</span> <span class='ocrx_word' id='word_1_155' title='bbox 1085 1428 1111 1474; x_wconf 86' lang='lat' dir='ltr'><strong>et</strong></span> <span class='ocrx_word' id='word_1_156' title='bbox 1132 1422 1180 1482; x_wconf 80' lang='lat' dir='ltr'><strong>eie,</strong></span> 
     </span>
     <span class='ocr_line' id='line_1_16' title="bbox 9 1491 1183 1580; baseline 0.001 -22"><span class='ocrx_word' id='word_1_157' title='bbox 9 1495 52 1577; x_wconf 54' lang='grc' dir='ltr'><strong>ᾗ*</strong></span> <span class='ocrx_word' id='word_1_158' title='bbox 104 1545 105 1548; x_wconf 63' lang='lat'>,</span> <span class='ocrx_word' id='word_1_159' title='bbox 164 1511 205 1561; x_wconf 84' lang='lat'><strong>12.</strong></span> <span class='ocrx_word' id='word_1_160' title='bbox 216 1491 647 1580; x_wconf 66' lang='lat' dir='ltr'><strong>quipluresquamxnoquei&#39;</strong></span> <span class='ocrx_word' id='word_1_161' title='bbox 645 1506 852 1576; x_wconf 81' lang='lat' dir='ltr'><strong>pluresquam</strong></span> <span class='ocrx_word' id='word_1_162' title='bbox 867 1506 1064 1574; x_wconf 68' lang='lat' dir='ltr'><strong>nixtabent</strong></span> <span class='ocrx_word' id='word_1_163' title='bbox 1082 1507 1183 1576; x_wconf 81' lang='lat' dir='ltr'><strong>utique</strong></span> 
     </span>
     <span class='ocr_line' id='line_1_17' title="bbox 14 1581 1262 1662; baseline -0.001 -17"><span class='ocrx_word' id='word_1_164' title='bbox 14 1587 24 1638; x_wconf 72' lang='grc' dir='ltr'><em>ί</em></span> <span class='ocrx_word' id='word_1_165' title='bbox 67 1625 81 1662; x_wconf 50' lang='lat'><strong>¹„</strong></span> <span class='ocrx_word' id='word_1_166' title='bbox 164 1585 302 1645; x_wconf 72' lang='lat' dir='ltr'><strong>ts-etiam</strong></span> <span class='ocrx_word' id='word_1_167' title='bbox 323 1592 461 1660; x_wconf 81' lang='lat' dir='ltr'><strong>quinque,</strong></span> <span class='ocrx_word' id='word_1_168' title='bbox 485 1593 592 1659; x_wconf 72' lang='lat' dir='ltr'><strong>quoin</strong></span> <span class='ocrx_word' id='word_1_169' title='bbox 612 1589 731 1644; x_wconf 80' lang='lat' dir='ltr'><strong>habenti</strong></span> <span class='ocrx_word' id='word_1_170' title='bbox 750 1591 843 1657; x_wconf 79' lang='lat' dir='ltr'><strong>licuit,</strong></span> <span class='ocrx_word' id='word_1_171' title='bbox 821 1593 1063 1645; x_wconf 85' lang='lat' dir='ltr'><strong>tmanumittere</strong></span> <span class='ocrx_word' id='word_1_172' title='bbox 1085 1581 1184 1644; x_wconf 80' lang='grc' dir='ltr'><strong>ιιιιι.7</strong></span> <span class='ocrx_word' id='word_1_173' title='bbox 1260 1607 1262 1612; x_wconf 96' lang='grc'><strong><em>·</em></strong></span> 
     </span>
    </p>
   </div>
   <div class='ocr_carea' id='block_1_3' title="bbox 167 1750 1188 3375">
    <p class='ocr_par' dir='ltr' id='par_1_3' title="bbox 167 1750 1188 3375">
     <span class='ocr_line' id='line_1_18' title="bbox 215 1750 1184 1818; baseline -0.001 -17"><span class='ocrx_word' id='word_1_174' title='bbox 215 1751 247 1817; x_wconf 75' lang='lat'><strong>⁴⁴)</strong></span> <span class='ocrx_word' id='word_1_175' title='bbox 266 1752 423 1802; x_wconf 83' lang='lat' dir='ltr'><strong>Sententiam</strong></span> <span class='ocrx_word' id='word_1_176' title='bbox 439 1754 597 1802; x_wconf 87' lang='lat' dir='ltr'><strong>restituendo</strong></span> <span class='ocrx_word' id='word_1_177' title='bbox 614 1754 743 1816; x_wconf 74' lang='lat' dir='ltr'><strong>expressi.</strong></span> <span class='ocrx_word' id='word_1_178' title='bbox 796 1750 817 1816; x_wconf 74' lang='lat'><strong>⁵)</strong></span> <span class='ocrx_word' id='word_1_179' title='bbox 836 1753 881 1802; x_wconf 81' lang='lat' dir='ltr'><strong>Ex</strong></span> <span class='ocrx_word' id='word_1_180' title='bbox 899 1753 947 1817; x_wconf 82' lang='lat' dir='ltr'><strong>Bp.</strong></span> <span class='ocrx_word' id='word_1_181' title='bbox 966 1755 1010 1815; x_wconf 66' lang='lat' dir='ltr'><strong>ej„</strong></span> <span class='ocrx_word' id='word_1_182' title='bbox 1029 1755 1072 1818; x_wconf 81' lang='lat' dir='ltr'><strong>qui</strong></span> <span class='ocrx_word' id='word_1_183' title='bbox 1088 1755 1184 1802; x_wconf 85' lang='lat' dir='ltr'><strong>edidit:</strong></span> 
     </span>
     <span class='ocr_line' id='line_1_19' title="bbox 216 1819 1183 1888; baseline -0.002 -18"><span class='ocrx_word' id='word_1_184' title='bbox 216 1823 473 1888; x_wconf 37' lang='lat' dir='ltr'><strong>‘[em¹eo]numero’;</strong></span> <span class='ocrx_word' id='word_1_185' title='bbox 488 1819 626 1872; x_wconf 83' lang='lat' dir='ltr'><strong>numeroC.</strong></span> <span class='ocrx_word' id='word_1_186' title='bbox 674 1819 695 1880; x_wconf 77' lang='grc'><strong>6)</strong></span> <span class='ocrx_word' id='word_1_187' title='bbox 715 1819 761 1870; x_wconf 77' lang='lat' dir='ltr'><strong>Em</strong></span> <span class='ocrx_word' id='word_1_188' title='bbox 773 1821 877 1871; x_wconf 72' lang='lat' dir='ltr'><strong>Laetum.</strong></span> <span class='ocrx_word' id='word_1_189' title='bbox 896 1823 933 1883; x_wconf 80' lang='lat' dir='ltr'><strong>ej.</strong></span> <span class='ocrx_word' id='word_1_190' title='bbox 959 1819 1183 1884; x_wconf 63' lang='lat' dir='ltr'><strong>(miseramente,</strong></span> 
     </span>
     <span class='ocr_line' id='line_1_20' title="bbox 216 1889 1185 1955; baseline -0.003 -17"><span class='ocrx_word' id='word_1_191' title='bbox 216 1891 259 1955; x_wconf 87' lang='lat' dir='ltr'><strong>qui</strong></span> <span class='ocrx_word' id='word_1_192' title='bbox 273 1905 353 1953; x_wconf 84' lang='lat' dir='ltr'><strong>supra</strong></span> <span class='ocrx_word' id='word_1_193' title='bbox 369 1904 422 1939; x_wconf 85' lang='lat' dir='ltr'><strong>uoc.</strong></span> <span class='ocrx_word' id='word_1_194' title='bbox 437 1889 575 1936; x_wconf 80' lang='lat' dir='ltr'><strong>conceditur</strong></span> <span class='ocrx_word' id='word_1_195' title='bbox 592 1894 687 1937; x_wconf 89' lang='lat' dir='ltr'><strong>tantum</strong></span> <span class='ocrx_word' id='word_1_196' title='bbox 705 1889 778 1937; x_wconf 86' lang='lat' dir='ltr'><strong>terius</strong></span> <span class='ocrx_word' id='word_1_197' title='bbox 796 1896 819 1936; x_wconf 84' lang='lat' dir='ltr'><strong>nt</strong></span> <span class='ocrx_word' id='word_1_198' title='bbox 836 1891 955 1952; x_wconf 79' lang='lat' dir='ltr'><strong>scripsit,</strong></span> <span class='ocrx_word' id='word_1_199' title='bbox 975 1891 1066 1952; x_wconf 79' lang='lat' dir='ltr'><strong>lepisse</strong></span> <span class='ocrx_word' id='word_1_200' title='bbox 1084 1889 1185 1937; x_wconf 84' lang='lat' dir='ltr'><strong>videtur</strong></span> 
     </span>
     <span class='ocr_line' id='line_1_21' title="bbox 167 1954 1185 2022; baseline -0.003 -15"><span class='ocrx_word' id='word_1_201' title='bbox 167 1981 168 1984; x_wconf 41' lang='lat'>¹</span> <span class='ocrx_word' id='word_1_202' title='bbox 216 1954 368 2022; x_wconf 75' lang='lat' dir='ltr'><strong>concedit&#39;ui)</strong></span> <span class='ocrx_word' id='word_1_203' title='bbox 386 1961 493 2006; x_wconf 78' lang='lat' dir='ltr'><strong>‘contra</strong></span> <span class='ocrx_word' id='word_1_204' title='bbox 505 1959 583 2005; x_wconf 85' lang='lat' dir='ltr'><strong>uero’</strong></span> <span class='ocrx_word' id='word_1_205' title='bbox 598 1957 638 2008; x_wconf 87' lang='lat' dir='ltr'><strong>ed.</strong></span> <span class='ocrx_word' id='word_1_206' title='bbox 652 1955 703 2018; x_wconf 80' lang='lat' dir='ltr'><strong>Bp.</strong></span> <span class='ocrx_word' id='word_1_207' title='bbox 740 1955 761 2019; x_wconf 86' lang='lat'><strong>⁷)</strong></span> <span class='ocrx_word' id='word_1_208' title='bbox 776 1955 932 2005; x_wconf 83' lang='lat' dir='ltr'><strong>Sententiam</strong></span> <span class='ocrx_word' id='word_1_209' title='bbox 943 1956 1051 2019; x_wconf 83' lang='lat' dir='ltr'><strong>perfeci.</strong></span> <span class='ocrx_word' id='word_1_210' title='bbox 1072 1955 1117 2005; x_wconf 77' lang='lat' dir='ltr'><strong>Ea</strong></span> <span class='ocrx_word' id='word_1_211' title='bbox 1129 1962 1185 2004; x_wconf 86' lang='lat' dir='ltr'><strong>tota</strong></span> 
     </span>
     <span class='ocr_line' id='line_1_22' title="bbox 214 2023 1184 2089; baseline -0.001 -17"><span class='ocrx_word' id='word_1_212' title='bbox 214 2042 241 2089; x_wconf 88' lang='lat' dir='ltr'><strong>p.</strong></span> <span class='ocrx_word' id='word_1_213' title='bbox 250 2033 281 2074; x_wconf 79' lang='lat' dir='ltr'><strong>tt.</strong></span> <span class='ocrx_word' id='word_1_214' title='bbox 301 2023 413 2074; x_wconf 84' lang='lat' dir='ltr'><strong>Btumius</strong></span> <span class='ocrx_word' id='word_1_215' title='bbox 424 2039 508 2086; x_wconf 77' lang='lat' dir='ltr'><strong>purten</strong></span> <span class='ocrx_word' id='word_1_216' title='bbox 521 2031 615 2072; x_wconf 87' lang='lat' dir='ltr'><strong>tantum</strong></span> <span class='ocrx_word' id='word_1_217' title='bbox 628 2026 747 2080; x_wconf 85' lang='lat' dir='ltr'><strong>enotavit,</strong></span> <span class='ocrx_word' id='word_1_218' title='bbox 761 2025 788 2072; x_wconf 86' lang='lat' dir='ltr'><strong>in</strong></span> <span class='ocrx_word' id='word_1_219' title='bbox 800 2041 822 2075; x_wconf 88' lang='grc' dir='ltr'><strong>υ,</strong></span> <span class='ocrx_word' id='word_1_220' title='bbox 838 2033 868 2074; x_wconf 81' lang='lat'><strong>12.</strong></span> <span class='ocrx_word' id='word_1_221' title='bbox 885 2033 916 2074; x_wconf 80' lang='lat' dir='ltr'><strong>ts.</strong></span> <span class='ocrx_word' id='word_1_222' title='bbox 930 2033 962 2073; x_wconf 76' lang='lat'><strong>18.</strong></span> <span class='ocrx_word' id='word_1_223' title='bbox 978 2033 1017 2082; x_wconf 67' lang='lat' dir='ltr'><strong>tt„</strong></span> <span class='ocrx_word' id='word_1_224' title='bbox 1031 2025 1097 2073; x_wconf 86' lang='lat' dir='ltr'><strong>ande</strong></span> <span class='ocrx_word' id='word_1_225' title='bbox 1110 2039 1184 2075; x_wconf 86' lang='lat' dir='ltr'><strong>uoces</strong></span> 
     </span>
     <span class='ocr_line' id='line_1_23' title="bbox 215 2089 1183 2156; baseline -0.002 -14"><span class='ocrx_word' id='word_1_226' title='bbox 215 2094 312 2142; x_wconf 80' lang='lat' dir='ltr'><strong>libcrari</strong></span> <span class='ocrx_word' id='word_1_227' title='bbox 331 2089 364 2156; x_wconf 79' lang='lat' dir='ltr'><strong>(u.</strong></span> <span class='ocrx_word' id='word_1_228' title='bbox 380 2090 423 2156; x_wconf 72' lang='grc' dir='ltr'>ιι.)</span> <span class='ocrx_word' id='word_1_229' title='bbox 442 2098 466 2142; x_wconf 86' lang='lat' dir='ltr'><strong>et</strong></span> <span class='ocrx_word' id='word_1_230' title='bbox 484 2089 710 2153; x_wconf 78' lang='lat' dir='ltr'><strong>concedat(v.19.)</strong></span> <span class='ocrx_word' id='word_1_231' title='bbox 729 2093 754 2140; x_wconf 87' lang='lat' dir='ltr'><strong>in</strong></span> <span class='ocrx_word' id='word_1_232' title='bbox 772 2093 830 2140; x_wconf 88' lang='lat' dir='ltr'><strong>edd.</strong></span> <span class='ocrx_word' id='word_1_233' title='bbox 848 2099 970 2155; x_wconf 81' lang='lat' dir='ltr'><strong>receptae</strong></span> <span class='ocrx_word' id='word_1_234' title='bbox 992 2099 1057 2140; x_wconf 88' lang='lat' dir='ltr'><strong>sunt.</strong></span> <span class='ocrx_word' id='word_1_235' title='bbox 1090 2090 1183 2154; x_wconf 80' lang='lat' dir='ltr'><strong>Conse·</strong></span> 
     </span>
     <span class='ocr_line' id='line_1_24' title="bbox 214 2157 1184 2224; baseline -0.004 -15"><span class='ocrx_word' id='word_1_236' title='bbox 214 2163 297 2210; x_wconf 83' lang='lat' dir='ltr'><strong>rende</strong></span> <span class='ocrx_word' id='word_1_237' title='bbox 314 2167 396 2210; x_wconf 81' lang='lat' dir='ltr'><strong>autem</strong></span> <span class='ocrx_word' id='word_1_238' title='bbox 413 2167 451 2209; x_wconf 87' lang='lat' dir='ltr'><strong>est</strong></span> <span class='ocrx_word' id='word_1_239' title='bbox 468 2161 504 2209; x_wconf 86' lang='lat' dir='ltr'><strong>ad</strong></span> <span class='ocrx_word' id='word_1_240' title='bbox 519 2175 562 2215; x_wconf 83' lang='lat' dir='ltr'><strong>ea,</strong></span> <span class='ocrx_word' id='word_1_241' title='bbox 582 2175 646 2224; x_wconf 86' lang='lat' dir='ltr'><strong>quae</strong></span> <span class='ocrx_word' id='word_1_242' title='bbox 661 2160 807 2222; x_wconf 87' lang='lat' dir='ltr'><strong>perierunt,</strong></span> <span class='ocrx_word' id='word_1_243' title='bbox 830 2159 888 2207; x_wconf 79' lang='lat' dir='ltr'><strong>Gaii</strong></span> <span class='ocrx_word' id='word_1_244' title='bbox 906 2163 966 2223; x_wconf 86' lang='lat' dir='ltr'><strong>epit.</strong></span> <span class='ocrx_word' id='word_1_245' title='bbox 982 2169 1000 2215; x_wconf 89' lang='lat' dir='ltr'><strong>t,</strong></span> <span class='ocrx_word' id='word_1_246' title='bbox 1014 2169 1034 2208; x_wconf 72' lang='grc' dir='ltr'>ι.</span> <span class='ocrx_word' id='word_1_247' title='bbox 1054 2157 1101 2222; x_wconf 63' lang='lat'><strong>33.</strong></span> <span class='ocrx_word' id='word_1_248' title='bbox 1116 2167 1184 2206; x_wconf 81' lang='lat' dir='ltr'><strong>2—t.</strong></span> 
     </span>
     <span class='ocr_line' id='line_1_25' title="bbox 216 2228 1185 2292; baseline -0.003 -15"><span class='ocrx_word' id='word_1_249' title='bbox 216 2230 293 2277; x_wconf 81' lang='lat' dir='ltr'><strong>‘Nam</strong></span> <span class='ocrx_word' id='word_1_250' title='bbox 303 2229 327 2276; x_wconf 89' lang='lat' dir='ltr'><strong>si</strong></span> <span class='ocrx_word' id='word_1_251' title='bbox 338 2229 429 2292; x_wconf 81' lang='lat' dir='ltr'><strong>aiiqrtis</strong></span> <span class='ocrx_word' id='word_1_252' title='bbox 442 2233 590 2277; x_wconf 86' lang='lat' dir='ltr'><strong>testamento</strong></span> <span class='ocrx_word' id='word_1_253' title='bbox 606 2229 694 2290; x_wconf 88' lang='lat' dir='ltr'><strong>piures</strong></span> <span class='ocrx_word' id='word_1_254' title='bbox 706 2228 878 2275; x_wconf 80' lang='lat' dir='ltr'><strong>muniemittere</strong></span> <span class='ocrx_word' id='word_1_255' title='bbox 891 2230 1010 2284; x_wconf 75' lang='lat' dir='ltr'><strong>notuerit,</strong></span> <span class='ocrx_word' id='word_1_256' title='bbox 1030 2243 1103 2291; x_wconf 81' lang='lat' dir='ltr'><strong>quum</strong></span> <span class='ocrx_word' id='word_1_257' title='bbox 1125 2231 1185 2290; x_wconf 82' lang='lat' dir='ltr'><strong>quot</strong></span> 
     </span>
     <span class='ocr_line' id='line_1_26' title="bbox 215 2296 1185 2358; baseline -0.002 -14"><span class='ocrx_word' id='word_1_258' title='bbox 215 2299 327 2345; x_wconf 87' lang='lat' dir='ltr'><strong>continet</strong></span> <span class='ocrx_word' id='word_1_259' title='bbox 338 2310 454 2344; x_wconf 81' lang='lat' dir='ltr'><strong>riumerus</strong></span> <span class='ocrx_word' id='word_1_260' title='bbox 466 2311 547 2358; x_wconf 87' lang='lat' dir='ltr'><strong>supra</strong></span> <span class='ocrx_word' id='word_1_261' title='bbox 558 2297 677 2358; x_wconf 85' lang='lat' dir='ltr'><strong>scriptus,</strong></span> <span class='ocrx_word' id='word_1_262' title='bbox 692 2297 756 2344; x_wconf 89' lang='lat' dir='ltr'><strong>ordo</strong></span> <span class='ocrx_word' id='word_1_263' title='bbox 768 2296 910 2343; x_wconf 86' lang='lat' dir='ltr'><strong>seruandus</strong></span> <span class='ocrx_word' id='word_1_264' title='bbox 923 2302 976 2344; x_wconf 88' lang='lat' dir='ltr'><strong>est:</strong></span> <span class='ocrx_word' id='word_1_265' title='bbox 988 2302 1014 2342; x_wconf 85' lang='grc' dir='ltr'><strong>ιιι</strong></span> <span class='ocrx_word' id='word_1_266' title='bbox 1027 2296 1076 2343; x_wconf 83' lang='lat' dir='ltr'><strong>iliis</strong></span> <span class='ocrx_word' id='word_1_267' title='bbox 1091 2300 1185 2342; x_wconf 74' lang='lat' dir='ltr'><strong>trintum</strong></span> 
     </span>
     <span class='ocr_line' id='line_1_27' title="bbox 216 2364 1182 2427; baseline -0.003 -16"><span class='ocrx_word' id='word_1_268' title='bbox 216 2364 431 2423; x_wconf 67' lang='lat' dir='ltr'><strong>libertinitatem,</strong></span> <span class='ocrx_word' id='word_1_269' title='bbox 451 2364 494 2427; x_wconf 83' lang='lat' dir='ltr'><strong>qui</strong></span> <span class='ocrx_word' id='word_1_270' title='bbox 504 2365 576 2425; x_wconf 90' lang='lat' dir='ltr'><strong>prius</strong></span> <span class='ocrx_word' id='word_1_271' title='bbox 589 2364 732 2411; x_wconf 87' lang='lat' dir='ltr'><strong>manuuu&#39;ssi</strong></span> <span class='ocrx_word' id='word_1_272' title='bbox 742 2368 811 2419; x_wconf 89' lang='lat' dir='ltr'><strong>sunt,</strong></span> <span class='ocrx_word' id='word_1_273' title='bbox 831 2378 910 2426; x_wconf 86' lang='lat' dir='ltr'><strong>usque</strong></span> <span class='ocrx_word' id='word_1_274' title='bbox 922 2365 958 2411; x_wconf 86' lang='lat' dir='ltr'><strong>ud</strong></span> <span class='ocrx_word' id='word_1_275' title='bbox 969 2364 1034 2410; x_wconf 86' lang='lat' dir='ltr'><strong>illum</strong></span> <span class='ocrx_word' id='word_1_276' title='bbox 1047 2377 1182 2418; x_wconf 87' lang='lat' dir='ltr'><strong>numerum,</strong></span> 
     </span>
     <span class='ocr_line' id='line_1_28' title="bbox 215 2431 1184 2495; baseline -0.001 -18"><span class='ocrx_word' id='word_1_277' title='bbox 215 2446 286 2495; x_wconf 84' lang='lat' dir='ltr'><strong>quem</strong></span> <span class='ocrx_word' id='word_1_278' title='bbox 302 2431 452 2494; x_wconf 80' lang='lat' dir='ltr'><strong>empiunatio</strong></span> <span class='ocrx_word' id='word_1_279' title='bbox 471 2431 581 2479; x_wconf 85' lang='lat' dir='ltr'><strong>continet</strong></span> <span class='ocrx_word' id='word_1_280' title='bbox 598 2432 717 2493; x_wconf 87' lang='lat' dir='ltr'><strong>supem&#39;us</strong></span> <span class='ocrx_word' id='word_1_281' title='bbox 735 2431 930 2492; x_wconf 73' lang='lat' dir='ltr'><strong>comprehensa:</strong></span> <span class='ocrx_word' id='word_1_282' title='bbox 954 2431 997 2494; x_wconf 87' lang='lat' dir='ltr'><strong>qui</strong></span> <span class='ocrx_word' id='word_1_283' title='bbox 1013 2444 1075 2478; x_wconf 90' lang='lat' dir='ltr'><strong>uero</strong></span> <span class='ocrx_word' id='word_1_284' title='bbox 1091 2436 1184 2491; x_wconf 85' lang='lat' dir='ltr'><strong>postea</strong></span> 
     </span>
     <span class='ocr_line' id='line_1_29' title="bbox 215 2498 1185 2561; baseline 0 -15"><span class='ocrx_word' id='word_1_285' title='bbox 215 2513 296 2561; x_wconf 87' lang='lat' dir='ltr'><strong>supra</strong></span> <span class='ocrx_word' id='word_1_286' title='bbox 312 2499 470 2547; x_wconf 83' lang='lat' dir='ltr'><strong>constitutum</strong></span> <span class='ocrx_word' id='word_1_287' title='bbox 491 2511 616 2546; x_wconf 89' lang='lat' dir='ltr'><strong>numerum</strong></span> <span class='ocrx_word' id='word_1_288' title='bbox 639 2500 782 2546; x_wconf 77' lang='lat' dir='ltr'><strong>ritanumissi</strong></span> <span class='ocrx_word' id='word_1_289' title='bbox 802 2500 931 2560; x_wconf 75' lang='lat' dir='ltr'><strong>lepuntur,</strong></span> <span class='ocrx_word' id='word_1_290' title='bbox 954 2499 980 2545; x_wconf 86' lang='lat' dir='ltr'><strong>in</strong></span> <span class='ocrx_word' id='word_1_291' title='bbox 997 2498 1119 2546; x_wconf 86' lang='lat' dir='ltr'><strong>seruitute</strong></span> <span class='ocrx_word' id='word_1_292' title='bbox 1138 2512 1185 2558; x_wconf 79' lang='lat' dir='ltr'><strong>eos</strong></span> 
     </span>
     <span class='ocr_line' id='line_1_30' title="bbox 215 2563 1185 2628; baseline -0.003 -13"><span class='ocrx_word' id='word_1_293' title='bbox 215 2571 310 2615; x_wconf 86' lang='lat' dir='ltr'><strong>eertum</strong></span> <span class='ocrx_word' id='word_1_294' title='bbox 323 2573 362 2614; x_wconf 87' lang='lat' dir='ltr'><strong>est</strong></span> <span class='ocrx_word' id='word_1_295' title='bbox 371 2580 531 2628; x_wconf 87' lang='lat' dir='ltr'><strong>permanere.</strong></span> <span class='ocrx_word' id='word_1_296' title='bbox 564 2563 660 2624; x_wconf 84' lang='lat' dir='ltr'><strong>Quodsi</strong></span> <span class='ocrx_word' id='word_1_297' title='bbox 671 2581 721 2614; x_wconf 87' lang='lat' dir='ltr'><strong>non</strong></span> <span class='ocrx_word' id='word_1_298' title='bbox 733 2566 876 2615; x_wconf 82' lang='lat' dir='ltr'><strong>nominatim</strong></span> <span class='ocrx_word' id='word_1_299' title='bbox 892 2566 963 2614; x_wconf 85' lang='lat' dir='ltr'><strong>serui</strong></span> <span class='ocrx_word' id='word_1_300' title='bbox 979 2569 1019 2615; x_wconf 88' lang='lat' dir='ltr'><strong>uei</strong></span> <span class='ocrx_word' id='word_1_301' title='bbox 1038 2567 1146 2613; x_wconf 86' lang='lat' dir='ltr'><strong>ancittae</strong></span> <span class='ocrx_word' id='word_1_302' title='bbox 1158 2565 1185 2612; x_wconf 87' lang='lat' dir='ltr'><strong>in</strong></span> 
     </span>
     <span class='ocr_line' id='line_1_31' title="bbox 217 2633 1185 2695; baseline -0.001 -14"><span class='ocrx_word' id='word_1_303' title='bbox 217 2640 364 2681; x_wconf 87' lang='lat' dir='ltr'><strong>testamento</strong></span> <span class='ocrx_word' id='word_1_304' title='bbox 377 2635 592 2688; x_wconf 79' lang='lat' dir='ltr'><strong>uranumittantur‚</strong></span> <span class='ocrx_word' id='word_1_305' title='bbox 610 2634 659 2681; x_wconf 89' lang='lat' dir='ltr'><strong>sed</strong></span> <span class='ocrx_word' id='word_1_306' title='bbox 675 2633 781 2695; x_wconf 80' lang='lat' dir='ltr'><strong>confuse</strong></span> <span class='ocrx_word' id='word_1_307' title='bbox 798 2648 883 2681; x_wconf 83' lang='lat' dir='ltr'><strong>ornnes</strong></span> <span class='ocrx_word' id='word_1_308' title='bbox 900 2633 989 2682; x_wconf 80' lang='lat' dir='ltr'><strong>seruos</strong></span> <span class='ocrx_word' id='word_1_309' title='bbox 1005 2649 1065 2682; x_wconf 87' lang='lat' dir='ltr'><strong>suos</strong></span> <span class='ocrx_word' id='word_1_310' title='bbox 1083 2635 1123 2681; x_wconf 83' lang='lat' dir='ltr'><strong>uei</strong></span> <span class='ocrx_word' id='word_1_311' title='bbox 1140 2648 1185 2680; x_wconf 89' lang='lat' dir='ltr'><strong>un-</strong></span> 
     </span>
     <span class='ocr_line' id='line_1_32' title="bbox 216 2699 1186 2764; baseline -0.001 -16"><span class='ocrx_word' id='word_1_312' title='bbox 216 2703 288 2749; x_wconf 83' lang='lat' dir='ltr'><strong>ciilas</strong></span> <span class='ocrx_word' id='word_1_313' title='bbox 301 2703 322 2748; x_wconf 83' lang='lat' dir='ltr'><strong>is</strong></span> <span class='ocrx_word' id='word_1_314' title='bbox 335 2701 378 2764; x_wconf 86' lang='lat' dir='ltr'><strong>qui</strong></span> <span class='ocrx_word' id='word_1_315' title='bbox 388 2705 559 2748; x_wconf 84' lang='lat' dir='ltr'><strong>testamentum</strong></span> <span class='ocrx_word' id='word_1_316' title='bbox 570 2699 648 2760; x_wconf 82' lang='lat' dir='ltr'><strong>fucit,</strong></span> <span class='ocrx_word' id='word_1_317' title='bbox 661 2700 755 2750; x_wconf 80' lang='lat' dir='ltr'><strong>liberos</strong></span> <span class='ocrx_word' id='word_1_318' title='bbox 765 2701 855 2761; x_wconf 84' lang='lat' dir='ltr'><strong>facere</strong></span> <span class='ocrx_word' id='word_1_319' title='bbox 869 2703 991 2761; x_wconf 86' lang='lat' dir='ltr'><strong>uoluerit,</strong></span> <span class='ocrx_word' id='word_1_320' title='bbox 1012 2702 1073 2750; x_wconf 83' lang='lat' dir='ltr'><strong>nulli</strong></span> <span class='ocrx_word' id='word_1_321' title='bbox 1083 2702 1186 2764; x_wconf 85' lang='lat' dir='ltr'><strong>penitus</strong></span> 
     </span>
     <span class='ocr_line' id='line_1_33' title="bbox 212 2767 1188 2831; baseline 0.001 -17"><span class='ocrx_word' id='word_1_322' title='bbox 212 2770 288 2831; x_wconf 77' lang='lat' dir='ltr'><strong>firrrio</strong></span> <span class='ocrx_word' id='word_1_323' title='bbox 304 2783 358 2817; x_wconf 86' lang='lat' dir='ltr'><strong>esse</strong></span> <span class='ocrx_word' id='word_1_324' title='bbox 375 2767 475 2816; x_wconf 82' lang='lat' dir='ltr'><strong>iubetur</strong></span> <span class='ocrx_word' id='word_1_325' title='bbox 491 2768 538 2816; x_wconf 84' lang='lat' dir='ltr'><strong>doc</strong></span> <span class='ocrx_word' id='word_1_326' title='bbox 555 2769 645 2817; x_wconf 85' lang='lat' dir='ltr'><strong>ordine</strong></span> <span class='ocrx_word' id='word_1_327' title='bbox 662 2770 724 2817; x_wconf 87' lang='lat' dir='ltr'><strong>duta</strong></span> <span class='ocrx_word' id='word_1_328' title='bbox 741 2767 858 2827; x_wconf 79' lang='lat' dir='ltr'><strong>libertas,</strong></span> <span class='ocrx_word' id='word_1_329' title='bbox 878 2769 927 2818; x_wconf 87' lang='lat' dir='ltr'><strong>sed</strong></span> <span class='ocrx_word' id='word_1_330' title='bbox 947 2784 1031 2817; x_wconf 83' lang='lat' dir='ltr'><strong>ornnes</strong></span> <span class='ocrx_word' id='word_1_331' title='bbox 1056 2770 1081 2817; x_wconf 84' lang='lat' dir='ltr'><strong>in</strong></span> <span class='ocrx_word' id='word_1_332' title='bbox 1098 2768 1188 2817; x_wconf 86' lang='lat' dir='ltr'><strong>seruili</strong></span> 
     </span>
     <span class='ocr_line' id='line_1_34' title="bbox 216 2836 1185 2900; baseline -0.003 -15"><span class='ocrx_word' id='word_1_333' title='bbox 216 2838 377 2894; x_wconf 86' lang='lat' dir='ltr'><strong>condicione,</strong></span> <span class='ocrx_word' id='word_1_334' title='bbox 391 2837 433 2900; x_wconf 85' lang='lat' dir='ltr'><strong>qui</strong></span> <span class='ocrx_word' id='word_1_335' title='bbox 444 2836 491 2884; x_wconf 79' lang='lat' dir='ltr'><strong>hoo</strong></span> <span class='ocrx_word' id='word_1_336' title='bbox 504 2836 593 2884; x_wconf 85' lang='lat' dir='ltr'><strong>ordine</strong></span> <span class='ocrx_word' id='word_1_337' title='bbox 606 2837 749 2884; x_wconf 79' lang='lat' dir='ltr'><strong>ritarzumissi</strong></span> <span class='ocrx_word' id='word_1_338' title='bbox 760 2841 831 2896; x_wconf 75' lang='lat' dir='ltr'><strong>sient,</strong></span> <span class='ocrx_word' id='word_1_339' title='bbox 844 2836 1035 2898; x_wconf 86' lang='lat' dir='ltr'><strong>permanebunt.</strong></span> <span class='ocrx_word' id='word_1_340' title='bbox 1066 2851 1123 2883; x_wconf 79' lang='lat' dir='ltr'><strong>notu</strong></span> <span class='ocrx_word' id='word_1_341' title='bbox 1135 2836 1185 2883; x_wconf 88' lang='lat' dir='ltr'><strong>etsi</strong></span> 
     </span>
     <span class='ocr_line' id='line_1_35' title="bbox 215 2904 1186 2966; baseline -0.003 -14"><span class='ocrx_word' id='word_1_342' title='bbox 215 2906 252 2952; x_wconf 88' lang='lat' dir='ltr'><strong>itu</strong></span> <span class='ocrx_word' id='word_1_343' title='bbox 270 2907 295 2964; x_wconf 86' lang='lat' dir='ltr'><strong>in</strong></span> <span class='ocrx_word' id='word_1_344' title='bbox 313 2910 460 2952; x_wconf 86' lang='lat' dir='ltr'><strong>testamento</strong></span> <span class='ocrx_word' id='word_1_345' title='bbox 477 2918 608 2951; x_wconf 76' lang='lat' dir='ltr'><strong>serenorum</strong></span> <span class='ocrx_word' id='word_1_346' title='bbox 625 2905 781 2951; x_wconf 80' lang='lat' dir='ltr'><strong>manumissio</strong></span> <span class='ocrx_word' id='word_1_347' title='bbox 800 2905 933 2966; x_wconf 82' lang='lat' dir='ltr'><strong>adscripta</strong></span> <span class='ocrx_word' id='word_1_348' title='bbox 948 2904 1042 2965; x_wconf 79' lang='lat' dir='ltr'><strong>fuerit,</strong></span> <span class='ocrx_word' id='word_1_349' title='bbox 1061 2904 1088 2951; x_wconf 87' lang='lat' dir='ltr'><strong>id</strong></span> <span class='ocrx_word' id='word_1_350' title='bbox 1105 2909 1144 2950; x_wconf 91' lang='lat' dir='ltr'><strong>est</strong></span> <span class='ocrx_word' id='word_1_351' title='bbox 1159 2905 1186 2950; x_wconf 85' lang='lat' dir='ltr'><strong>in</strong></span> 
     </span>
     <span class='ocr_line' id='line_1_36' title="bbox 217 2971 1185 3035; baseline -0.004 -15"><span class='ocrx_word' id='word_1_352' title='bbox 217 2973 324 3031; x_wconf 82' lang='lat' dir='ltr'><strong>circuio,</strong></span> <span class='ocrx_word' id='word_1_353' title='bbox 349 2977 375 3019; x_wconf 88' lang='lat' dir='ltr'><strong>ut</strong></span> <span class='ocrx_word' id='word_1_354' title='bbox 400 2973 442 3035; x_wconf 77' lang='lat' dir='ltr'><strong>qni</strong></span> <span class='ocrx_word' id='word_1_355' title='bbox 465 2973 551 3034; x_wconf 83' lang='lat' dir='ltr'><strong>prior,</strong></span> <span class='ocrx_word' id='word_1_356' title='bbox 577 2972 619 3034; x_wconf 79' lang='lat' dir='ltr'><strong>qui</strong></span> <span class='ocrx_word' id='word_1_357' title='bbox 641 2973 770 3033; x_wconf 86' lang='lat' dir='ltr'><strong>posterior</strong></span> <span class='ocrx_word' id='word_1_358' title='bbox 795 2972 935 3019; x_wconf 87' lang='lat' dir='ltr'><strong>nominatus</strong></span> <span class='ocrx_word' id='word_1_359' title='bbox 956 2973 1003 3031; x_wconf 85' lang='lat' dir='ltr'><strong>sit,</strong></span> <span class='ocrx_word' id='word_1_360' title='bbox 1031 2985 1079 3018; x_wconf 86' lang='lat' dir='ltr'><strong>non</strong></span> <span class='ocrx_word' id='word_1_361' title='bbox 1103 2971 1185 3032; x_wconf 87' lang='lat' dir='ltr'><strong>possit</strong></span> 
     </span>
     <span class='ocr_line' id='line_1_37' title="bbox 216 3039 1188 3102; baseline -0.003 -14"><span class='ocrx_word' id='word_1_362' title='bbox 216 3041 334 3102; x_wconf 61' lang='lat' dir='ltr'><strong>agnosci,</strong></span> <span class='ocrx_word' id='word_1_363' title='bbox 353 3041 415 3087; x_wconf 83' lang='lat' dir='ltr'><strong>nulii</strong></span> <span class='ocrx_word' id='word_1_364' title='bbox 427 3055 461 3087; x_wconf 79' lang='lat' dir='ltr'><strong>ex</strong></span> <span class='ocrx_word' id='word_1_365' title='bbox 478 3039 517 3087; x_wconf 83' lang='lat' dir='ltr'><strong>itis</strong></span> <span class='ocrx_word' id='word_1_366' title='bbox 529 3039 669 3088; x_wconf 78' lang='lat' dir='ltr'><strong>libertatem</strong></span> <span class='ocrx_word' id='word_1_367' title='bbox 687 3041 773 3087; x_wconf 86' lang='lat' dir='ltr'><strong>ualere</strong></span> <span class='ocrx_word' id='word_1_368' title='bbox 792 3039 950 3098; x_wconf 78' lang='lat' dir='ltr'><strong>manifestum</strong></span> <span class='ocrx_word' id='word_1_369' title='bbox 970 3045 1021 3099; x_wconf 85' lang='lat' dir='ltr'><strong>est,</strong></span> <span class='ocrx_word' id='word_1_370' title='bbox 1040 3039 1062 3086; x_wconf 90' lang='lat' dir='ltr'><strong>si</strong></span> <span class='ocrx_word' id='word_1_371' title='bbox 1080 3041 1188 3098; x_wconf 79' lang='lat' dir='ltr'><strong>opnosei</strong></span> 
     </span>
     <span class='ocr_line' id='line_1_38' title="bbox 217 3105 1187 3171; baseline -0.001 -17"><span class='ocrx_word' id='word_1_372' title='bbox 217 3123 265 3156; x_wconf 88' lang='lat' dir='ltr'><strong>uon</strong></span> <span class='ocrx_word' id='word_1_373' title='bbox 276 3114 374 3170; x_wconf 87' lang='lat' dir='ltr'><strong>potest,</strong></span> <span class='ocrx_word' id='word_1_374' title='bbox 389 3108 432 3171; x_wconf 84' lang='lat' dir='ltr'><strong>qui</strong></span> <span class='ocrx_word' id='word_1_375' title='bbox 443 3108 528 3168; x_wconf 85' lang='lat' dir='ltr'><strong>prior,</strong></span> <span class='ocrx_word' id='word_1_376' title='bbox 549 3107 592 3170; x_wconf 83' lang='lat' dir='ltr'><strong>qui</strong></span> <span class='ocrx_word' id='word_1_377' title='bbox 603 3111 733 3168; x_wconf 86' lang='lat' dir='ltr'><strong>posterior</strong></span> <span class='ocrx_word' id='word_1_378' title='bbox 749 3106 831 3167; x_wconf 84' lang='lat' dir='ltr'><strong>faerit</strong></span> <span class='ocrx_word' id='word_1_379' title='bbox 846 3108 1016 3156; x_wconf 75' lang='lat' dir='ltr'><strong>manumissus.</strong></span> <span class='ocrx_word' id='word_1_380' title='bbox 1048 3113 1067 3153; x_wconf 84' lang='lat'><strong>3.</strong></span> <span class='ocrx_word' id='word_1_381' title='bbox 1088 3105 1152 3153; x_wconf 85' lang='lat' dir='ltr'><strong>Nam</strong></span> <span class='ocrx_word' id='word_1_382' title='bbox 1163 3107 1187 3154; x_wconf 86' lang='lat' dir='ltr'><strong>si</strong></span> 
     </span>
     <span class='ocr_line' id='line_1_39' title="bbox 217 3174 1185 3239; baseline -0.001 -16"><span class='ocrx_word' id='word_1_383' title='bbox 217 3177 309 3239; x_wconf 83' lang='lat' dir='ltr'><strong>aliquis</strong></span> <span class='ocrx_word' id='word_1_384' title='bbox 321 3177 347 3223; x_wconf 85' lang='lat' dir='ltr'><strong>in</strong></span> <span class='ocrx_word' id='word_1_385' title='bbox 359 3176 518 3239; x_wconf 72' lang='lat' dir='ltr'><strong>aspritudine</strong></span> <span class='ocrx_word' id='word_1_386' title='bbox 530 3175 680 3223; x_wconf 86' lang='lat' dir='ltr'><strong>constitutus</strong></span> <span class='ocrx_word' id='word_1_387' title='bbox 696 3176 721 3222; x_wconf 86' lang='lat' dir='ltr'><strong>in</strong></span> <span class='ocrx_word' id='word_1_388' title='bbox 733 3174 852 3235; x_wconf 82' lang='lat' dir='ltr'><strong>fraudem</strong></span> <span class='ocrx_word' id='word_1_389' title='bbox 864 3174 936 3222; x_wconf 72' lang='lat' dir='ltr'><strong>lintius</strong></span> <span class='ocrx_word' id='word_1_390' title='bbox 954 3176 1015 3236; x_wconf 80' lang='lat' dir='ltr'><strong>lepis</strong></span> <span class='ocrx_word' id='word_1_391' title='bbox 1030 3174 1121 3235; x_wconf 78' lang='lat' dir='ltr'><strong>faeere</strong></span> <span class='ocrx_word' id='word_1_392' title='bbox 1141 3188 1185 3222; x_wconf 90' lang='lat' dir='ltr'><strong>no·</strong></span> 
     </span>
     <span class='ocr_line' id='line_1_40' title="bbox 216 3241 1187 3306; baseline -0.003 -15"><span class='ocrx_word' id='word_1_393' title='bbox 216 3245 292 3292; x_wconf 86' lang='lat' dir='ltr'><strong>tuerit</strong></span> <span class='ocrx_word' id='word_1_394' title='bbox 305 3249 485 3299; x_wconf 85' lang='lat' dir='ltr'><strong>testamentum,</strong></span> <span class='ocrx_word' id='word_1_395' title='bbox 497 3244 546 3291; x_wconf 89' lang='lat' dir='ltr'><strong>sed</strong></span> <span class='ocrx_word' id='word_1_396' title='bbox 557 3243 671 3305; x_wconf 87' lang='lat' dir='ltr'><strong>epistolis</strong></span> <span class='ocrx_word' id='word_1_397' title='bbox 685 3249 727 3290; x_wconf 85' lang='lat' dir='ltr'><strong>ant</strong></span> <span class='ocrx_word' id='word_1_398' title='bbox 741 3241 931 3306; x_wconf 80' lang='lat' dir='ltr'><strong>quibuscumque</strong></span> <span class='ocrx_word' id='word_1_399' title='bbox 945 3243 1002 3290; x_wconf 85' lang='lat' dir='ltr'><strong>otiis</strong></span> <span class='ocrx_word' id='word_1_400' title='bbox 1015 3241 1090 3290; x_wconf 81' lang='lat' dir='ltr'><strong>rebus</strong></span> <span class='ocrx_word' id='word_1_401' title='bbox 1102 3241 1187 3290; x_wconf 87' lang='lat' dir='ltr'><strong>seruis</strong></span> 
     </span>
     <span class='ocr_line' id='line_1_41' title="bbox 216 3309 1186 3375; baseline -0.004 -15"><span class='ocrx_word' id='word_1_402' title='bbox 216 3312 270 3360; x_wconf 88' lang='lat' dir='ltr'><strong>suis</strong></span> <span class='ocrx_word' id='word_1_403' title='bbox 282 3310 395 3374; x_wconf 85' lang='lat' dir='ltr'><strong>pluribus</strong></span> <span class='ocrx_word' id='word_1_404' title='bbox 414 3327 486 3375; x_wconf 82' lang='lat' dir='ltr'><strong>quam</strong></span> <span class='ocrx_word' id='word_1_405' title='bbox 499 3326 550 3373; x_wconf 85' lang='lat' dir='ltr'><strong>per</strong></span> <span class='ocrx_word' id='word_1_406' title='bbox 567 3317 739 3358; x_wconf 83' lang='lat' dir='ltr'><strong>testamentum</strong></span> <span class='ocrx_word' id='word_1_407' title='bbox 755 3310 825 3369; x_wconf 83' lang='lat' dir='ltr'><strong>lieet,</strong></span> <span class='ocrx_word' id='word_1_408' title='bbox 845 3310 965 3372; x_wconf 81' lang='lat' dir='ltr'><strong>conferre</strong></span> <span class='ocrx_word' id='word_1_409' title='bbox 983 3311 1090 3359; x_wconf 82' lang='lat' dir='ltr'><strong>tcoluerit</strong></span> <span class='ocrx_word' id='word_1_410' title='bbox 1108 3309 1186 3357; x_wconf 88' lang='lat' dir='ltr'><strong>iiber-</strong></span> 
     </span>
    </p>
   </div>
   <div class='ocr_carea' id='block_1_4' title="bbox 0 1595 2 2699">
    <p class='ocr_par' dir='ltr' id='par_1_4' title="bbox 0 1595 2 2699">
     <span class='ocr_line' id='line_1_42' title="bbox 0 1595 2 2699; baseline 0 0"><span class='ocrx_word' id='word_1_411' title='bbox 0 1595 2 2699; x_wconf 95' lang='lat' dir='ltr'><strong> </strong></span> 
     </span>
    </p>
   </div>
   <div class='ocr_carea' id='block_1_5' title="bbox 218 3460 561 3528">
    <p class='ocr_par' dir='ltr' id='par_1_5' title="bbox 218 3460 561 3528">
     <span class='ocr_line' id='line_1_43' title="bbox 218 3460 561 3528; baseline 0.003 -17"><span class='ocrx_word' id='word_1_412' title='bbox 218 3460 244 3528; x_wconf 64' lang='grc' dir='ltr'><strong>ξ,</strong></span> <span class='ocrx_word' id='word_1_413' title='bbox 258 3465 298 3512; x_wconf 73' lang='lat'><strong>44.</strong></span> <span class='ocrx_word' id='word_1_414' title='bbox 320 3464 360 3526; x_wconf 76' lang='lat' dir='ltr'><strong>Cf.</strong></span> <span class='ocrx_word' id='word_1_415' title='bbox 375 3465 481 3528; x_wconf 78' lang='lat' dir='ltr'><strong>Bionps.</strong></span> <span class='ocrx_word' id='word_1_416' title='bbox 494 3472 513 3518; x_wconf 84' lang='lat' dir='ltr'><strong>t,</strong></span> <span class='ocrx_word' id='word_1_417' title='bbox 528 3471 561 3512; x_wconf 77' lang='lat' dir='ltr'><strong>ot.</strong></span> 
     </span>
    </p>
   </div>
   <div class='ocr_carea' id='block_1_6' title="bbox 0 2819 2 3663">
    <p class='ocr_par' dir='ltr' id='par_1_6' title="bbox 0 2819 2 3663">
     <span class='ocr_line' id='line_1_44' title="bbox 0 2819 2 3663; baseline 0 0"><span class='ocrx_word' id='word_1_418' title='bbox 0 2819 2 3663; x_wconf 95' lang='lat' dir='ltr'><strong> </strong></span> 
     </span>
    </p>
   </div>
   <div class='ocr_carea' id='block_1_7' title="bbox 0 0 1322 3957">
    <p class='ocr_par' dir='ltr' id='par_1_7' title="bbox 0 0 1322 3957">
     <span class='ocr_line' id='line_1_45' title="bbox 0 0 1322 3957; baseline 0 0"><span class='ocrx_word' id='word_1_419' title='bbox 0 0 1322 3957; x_wconf 95' lang='lat' dir='ltr'><strong> </strong></span> 
     </span>
    </p>
   </div>
  </div>
 </body>
</html>
