<?xml version="1.0" encoding="UTF-8"?>
<!DOCTYPE html PUBLIC "-//W3C//DTD XHTML 1.0 Transitional//EN"
    "http://www.w3.org/TR/xhtml1/DTD/xhtml1-transitional.dtd">
<html xmlns="http://www.w3.org/1999/xhtml" xml:lang="en" lang="en">
 <head>
  <title>
</title>
<meta http-equiv="Content-Type" content="text/html;charset=utf-8" />
  <meta name='ocr-system' content='tesseract 3.04.00' />
  <meta name='ocr-capabilities' content='ocr_page ocr_carea ocr_par ocr_line ocrx_word'/>
</head>
<body>
  <div class='ocr_page' id='page_1' title='image "./ivrisprvdentiae01huscgoog_0220.png"; bbox 0 0 2634 3960; ppageno 0'>
   <div class='ocr_carea' id='block_1_1' title="bbox 172 179 853 230">
    <p class='ocr_par' dir='ltr' id='par_1_1' title="bbox 172 179 853 230">
     <span class='ocr_line' id='line_1_1' title="bbox 172 179 853 230; baseline -0.001 -2"><span class='ocrx_word' id='word_1_1' title='bbox 172 181 223 230; x_wconf 78' lang='lat'><strong>202</strong></span> <span class='ocrx_word' id='word_1_2' title='bbox 456 191 520 228; x_wconf 81' lang='lat' dir='ltr'><strong>eur</strong></span> <span class='ocrx_word' id='word_1_3' title='bbox 538 192 642 228; x_wconf 68' lang='lat' dir='ltr'><strong>resurr.</strong></span> <span class='ocrx_word' id='word_1_4' title='bbox 660 180 691 228; x_wconf 77' lang='lat' dir='ltr'><strong>li,</strong></span> <span class='ocrx_word' id='word_1_5' title='bbox 710 179 853 228; x_wconf 72' lang='lat' dir='ltr'><strong>nee-263.</strong></span> 
     </span>
    </p>
   </div>
   <div class='ocr_carea' id='block_1_2' title="bbox 11 331 1231 2768">
    <p class='ocr_par' dir='ltr' id='par_1_2' title="bbox 35 331 1169 1065">
     <span class='ocr_line' id='line_1_2' title="bbox 172 331 1139 406; baseline -0.004 -14"><span class='ocrx_word' id='word_1_6' title='bbox 172 344 214 392; x_wconf 88' lang='lat' dir='ltr'><strong>est</strong></span> <span class='ocrx_word' id='word_1_7' title='bbox 230 352 262 390; x_wconf 87' lang='lat' dir='ltr'><strong>ex</strong></span> <span class='ocrx_word' id='word_1_8' title='bbox 280 335 519 391; x_wconf 76' lang='lat' dir='ltr'><strong>senatusconsulto</strong></span> <span class='ocrx_word' id='word_1_9' title='bbox 536 331 792 406; x_wconf 78' lang='lat' dir='ltr'><strong>&#39;lrehellianoz&#39;quo</strong></span> <span class='ocrx_word' id='word_1_10' title='bbox 808 350 874 388; x_wconf 86' lang='lat' dir='ltr'><strong>casu</strong></span> <span class='ocrx_word' id='word_1_11' title='bbox 889 332 970 388; x_wconf 91' lang='lat' dir='ltr'><strong>nullis</strong></span> <span class='ocrx_word' id='word_1_12' title='bbox 985 333 1139 406; x_wconf 88' lang='lat' dir='ltr'><strong>stipulatio·</strong></span> 
     </span>
     <span class='ocr_line' id='line_1_3' title="bbox 171 414 1155 492; baseline -0.003 -17"><span class='ocrx_word' id='word_1_13' title='bbox 171 419 251 475; x_wconf 89' lang='lat' dir='ltr'><strong>nibus</strong></span> <span class='ocrx_word' id='word_1_14' title='bbox 273 436 342 492; x_wconf 91' lang='lat' dir='ltr'><strong>opus</strong></span> <span class='ocrx_word' id='word_1_15' title='bbox 364 427 418 482; x_wconf 91' lang='lat' dir='ltr'><strong>est,</strong></span> <span class='ocrx_word' id='word_1_16' title='bbox 442 420 504 491; x_wconf 89' lang='lat' dir='ltr'><strong>quia</strong></span> <span class='ocrx_word' id='word_1_17' title='bbox 526 418 606 473; x_wconf 93' lang='lat' dir='ltr'><strong>simul</strong></span> <span class='ocrx_word' id='word_1_18' title='bbox 628 425 656 472; x_wconf 93' lang='lat' dir='ltr'><strong>et</strong></span> <span class='ocrx_word' id='word_1_19' title='bbox 676 418 752 480; x_wconf 88' lang='lat' dir='ltr'><strong>huie,</strong></span> <span class='ocrx_word' id='word_1_20' title='bbox 781 419 827 492; x_wconf 91' lang='lat' dir='ltr'><strong>qui</strong></span> <span class='ocrx_word' id='word_1_21' title='bbox 852 417 985 480; x_wconf 89' lang='lat' dir='ltr'><strong>restituit,</strong></span> <span class='ocrx_word' id='word_1_22' title='bbox 1007 414 1155 473; x_wconf 83' lang='lat' dir='ltr'><strong>securitas&#39;</strong></span> 
     </span>
     <span class='ocr_line' id='line_1_4' title="bbox 173 501 1139 575; baseline -0.001 -17"><span class='ocrx_word' id='word_1_23' title='bbox 173 505 265 567; x_wconf 75' lang='lat' dir='ltr'><strong>alatur,</strong></span> <span class='ocrx_word' id='word_1_24' title='bbox 282 511 311 558; x_wconf 90' lang='lat' dir='ltr'><strong>et</strong></span> <span class='ocrx_word' id='word_1_25' title='bbox 325 505 445 559; x_wconf 83' lang='lat' dir='ltr'>actiones</span> <span class='ocrx_word' id='word_1_26' title='bbox 461 502 639 558; x_wconf 80' lang='lat' dir='ltr'><strong>hereditariae</strong></span> <span class='ocrx_word' id='word_1_27' title='bbox 654 503 679 557; x_wconf 92' lang='lat' dir='ltr'><strong>ei</strong></span> <span class='ocrx_word' id='word_1_28' title='bbox 694 508 722 557; x_wconf 88' lang='lat' dir='ltr'><strong>et</strong></span> <span class='ocrx_word' id='word_1_29' title='bbox 736 503 765 557; x_wconf 92' lang='lat' dir='ltr'><strong>in</strong></span> <span class='ocrx_word' id='word_1_30' title='bbox 782 519 843 557; x_wconf 92' lang='lat' dir='ltr'><strong>eum</strong></span> <span class='ocrx_word' id='word_1_31' title='bbox 859 501 1074 566; x_wconf 83' lang='lat' dir='ltr'><strong>transferuntur,</strong></span> <span class='ocrx_word' id='word_1_32' title='bbox 1092 503 1139 575; x_wconf 92' lang='lat' dir='ltr'><strong>qui</strong></span> 
     </span>
     <span class='ocr_line' id='line_1_5' title="bbox 171 582 1139 662; baseline -0.004 -18"><span class='ocrx_word' id='word_1_33' title='bbox 171 589 304 662; x_wconf 83' lang='lat' dir='ltr'><strong>receperit</strong></span> <span class='ocrx_word' id='word_1_34' title='bbox 319 587 504 643; x_wconf 82' lang='lat' dir='ltr'><strong>hereditatem.</strong></span> <span class='ocrx_word' id='word_1_35' title='bbox 550 582 619 644; x_wconf 79' lang='lat'>259.</span> <span class='ocrx_word' id='word_1_36' title='bbox 643 586 714 642; x_wconf 88' lang='lat' dir='ltr'><strong>Nihil</strong></span> <span class='ocrx_word' id='word_1_37' title='bbox 735 594 825 641; x_wconf 83' lang='lat' dir='ltr'><strong>eutem</strong></span> <span class='ocrx_word' id='word_1_38' title='bbox 839 587 966 649; x_wconf 87' lang='lat' dir='ltr'><strong>interest,</strong></span> <span class='ocrx_word' id='word_1_39' title='bbox 986 594 1076 641; x_wconf 86' lang='lat' dir='ltr'><strong>utrum</strong></span> <span class='ocrx_word' id='word_1_40' title='bbox 1093 585 1139 641; x_wconf 85' lang='lat' dir='ltr'><strong>ali·</strong></span> 
     </span>
     <span class='ocr_line' id='line_1_6' title="bbox 173 669 1169 747; baseline -0.002 -20"><span class='ocrx_word' id='word_1_41' title='bbox 173 675 232 747; x_wconf 91' lang='lat' dir='ltr'><strong>quis</strong></span> <span class='ocrx_word' id='word_1_42' title='bbox 255 689 287 727; x_wconf 79' lang='lat' dir='ltr'><strong>ex</strong></span> <span class='ocrx_word' id='word_1_43' title='bbox 308 689 366 727; x_wconf 89' lang='lat' dir='ltr'><strong>asse</strong></span> <span class='ocrx_word' id='word_1_44' title='bbox 387 673 466 726; x_wconf 90' lang='lat' dir='ltr'><strong>heres</strong></span> <span class='ocrx_word' id='word_1_45' title='bbox 486 673 628 727; x_wconf 86' lang='lat' dir='ltr'><strong>institutus</strong></span> <span class='ocrx_word' id='word_1_46' title='bbox 650 679 697 725; x_wconf 87' lang='lat' dir='ltr'><strong>aut</strong></span> <span class='ocrx_word' id='word_1_47' title='bbox 716 677 802 726; x_wconf 85' lang='lat' dir='ltr'><strong>totam</strong></span> <span class='ocrx_word' id='word_1_48' title='bbox 825 669 1000 726; x_wconf 86' lang='lat' dir='ltr'><strong>hereditatem</strong></span> <span class='ocrx_word' id='word_1_49' title='bbox 1022 678 1068 726; x_wconf 91' lang='lat' dir='ltr'><strong>aut</strong></span> <span class='ocrx_word' id='word_1_50' title='bbox 1088 687 1138 744; x_wconf 86' lang='lat' dir='ltr'><strong>pro</strong></span> <span class='ocrx_word' id='word_1_51' title='bbox 1166 727 1169 733; x_wconf 73' lang='grc'><strong>,</strong></span> 
     </span>
     <span class='ocr_line' id='line_1_7' title="bbox 171 755 1139 830; baseline -0.002 -19"><span class='ocrx_word' id='word_1_52' title='bbox 171 766 246 830; x_wconf 87' lang='lat' dir='ltr'><strong>parte</strong></span> <span class='ocrx_word' id='word_1_53' title='bbox 262 759 407 811; x_wconf 88' lang='lat' dir='ltr'><strong>restituere</strong></span> <span class='ocrx_word' id='word_1_54' title='bbox 422 763 544 828; x_wconf 81' lang='lat' dir='ltr'><strong>rogetur,</strong></span> <span class='ocrx_word' id='word_1_55' title='bbox 557 772 590 811; x_wconf 81' lang='lat' dir='ltr'><strong>an</strong></span> <span class='ocrx_word' id='word_1_56' title='bbox 602 772 634 810; x_wconf 80' lang='lat' dir='ltr'><strong>en</strong></span> <span class='ocrx_word' id='word_1_57' title='bbox 649 762 726 828; x_wconf 88' lang='lat' dir='ltr'><strong>parte</strong></span> <span class='ocrx_word' id='word_1_58' title='bbox 742 756 821 811; x_wconf 85' lang='lat' dir='ltr'><strong>heres</strong></span> <span class='ocrx_word' id='word_1_59' title='bbox 836 755 979 810; x_wconf 88' lang='lat' dir='ltr'><strong>institutus</strong></span> <span class='ocrx_word' id='word_1_60' title='bbox 995 764 1041 809; x_wconf 91' lang='lat' dir='ltr'><strong>aut</strong></span> <span class='ocrx_word' id='word_1_61' title='bbox 1056 762 1139 810; x_wconf 88' lang='lat' dir='ltr'><strong>totam</strong></span> 
     </span>
     <span class='ocr_line' id='line_1_8' title="bbox 35 839 1136 913; baseline -0.003 -17"><span class='ocrx_word' id='word_1_62' title='bbox 35 897 38 904; x_wconf 78' lang='grc'><strong>,</strong></span> <span class='ocrx_word' id='word_1_63' title='bbox 172 859 229 896; x_wconf 90' lang='lat' dir='ltr'><strong>eam</strong></span> <span class='ocrx_word' id='word_1_64' title='bbox 245 848 347 913; x_wconf 88' lang='lat' dir='ltr'><strong>partem</strong></span> <span class='ocrx_word' id='word_1_65' title='bbox 363 847 408 896; x_wconf 89' lang='lat' dir='ltr'><strong>aut</strong></span> <span class='ocrx_word' id='word_1_66' title='bbox 423 841 507 913; x_wconf 86' lang='lat' dir='ltr'><strong>partis</strong></span> <span class='ocrx_word' id='word_1_67' title='bbox 523 847 626 913; x_wconf 84' lang='lat' dir='ltr'><strong>partem</strong></span> <span class='ocrx_word' id='word_1_68' title='bbox 641 841 787 894; x_wconf 87' lang='lat' dir='ltr'><strong>restituere</strong></span> <span class='ocrx_word' id='word_1_69' title='bbox 802 846 925 912; x_wconf 83' lang='lat' dir='ltr'><strong>rogetur.</strong></span> <span class='ocrx_word' id='word_1_70' title='bbox 964 856 1025 894; x_wconf 94' lang='lat' dir='ltr'><strong>nam</strong></span> <span class='ocrx_word' id='word_1_71' title='bbox 1041 846 1068 894; x_wconf 91' lang='lat' dir='ltr'><strong>et</strong></span> <span class='ocrx_word' id='word_1_72' title='bbox 1083 839 1136 894; x_wconf 87' lang='lat' dir='ltr'><strong>hoo</strong></span> 
     </span>
     <span class='ocr_line' id='line_1_9' title="bbox 71 922 1139 997; baseline -0.003 -16"><span class='ocrx_word' id='word_1_73' title='bbox 71 987 72 990; x_wconf 8' lang='grc' dir='ltr'><strong>Ἴ</strong></span> <span class='ocrx_word' id='word_1_74' title='bbox 172 943 236 981; x_wconf 81' lang='lat' dir='ltr'><strong>casn</strong></span> <span class='ocrx_word' id='word_1_75' title='bbox 251 924 284 980; x_wconf 86' lang='lat' dir='ltr'><strong>de</strong></span> <span class='ocrx_word' id='word_1_76' title='bbox 300 932 395 997; x_wconf 86' lang='lat' dir='ltr'><strong>quarta</strong></span> <span class='ocrx_word' id='word_1_77' title='bbox 414 931 491 997; x_wconf 86' lang='lat' dir='ltr'><strong>parte</strong></span> <span class='ocrx_word' id='word_1_78' title='bbox 512 925 569 980; x_wconf 91' lang='lat' dir='ltr'><strong>eins</strong></span> <span class='ocrx_word' id='word_1_79' title='bbox 590 925 674 997; x_wconf 82' lang='lat' dir='ltr'><strong>pertis</strong></span> <span class='ocrx_word' id='word_1_80' title='bbox 695 925 766 978; x_wconf 86' lang='lat' dir='ltr'><strong>ratio</strong></span> <span class='ocrx_word' id='word_1_81' title='bbox 787 939 819 978; x_wconf 82' lang='lat' dir='ltr'><strong>ex</strong></span> <span class='ocrx_word' id='word_1_82' title='bbox 839 922 993 996; x_wconf 81' lang='lat' dir='ltr'><strong>Pegasiano</strong></span> <span class='ocrx_word' id='word_1_83' title='bbox 1015 929 1139 978; x_wconf 88' lang='lat' dir='ltr'><strong>senatus·</strong></span> 
     </span>
     <span class='ocr_line' id='line_1_10' title="bbox 173 1008 500 1065; baseline -0.003 0"><span class='ocrx_word' id='word_1_84' title='bbox 173 1009 298 1065; x_wconf 82' lang='lat' dir='ltr'><strong>consulto</strong></span> <span class='ocrx_word' id='word_1_85' title='bbox 314 1008 405 1064; x_wconf 86' lang='lat' dir='ltr'><strong>haberi</strong></span> <span class='ocrx_word' id='word_1_86' title='bbox 420 1009 500 1064; x_wconf 88' lang='lat' dir='ltr'><strong>solet.</strong></span> 
     </span>
    </p>

    <p class='ocr_par' dir='ltr' id='par_1_3' title="bbox 171 1088 1141 1504">
     <span class='ocr_line' id='line_1_11' title="bbox 235 1088 1141 1166; baseline -0.007 -15"><span class='ocrx_word' id='word_1_87' title='bbox 235 1088 306 1152; x_wconf 82' lang='lat'><strong>260.</strong></span> <span class='ocrx_word' id='word_1_88' title='bbox 330 1093 424 1149; x_wconf 91' lang='lat' dir='ltr'><strong>Potest</strong></span> <span class='ocrx_word' id='word_1_89' title='bbox 439 1101 529 1148; x_wconf 86' lang='lat' dir='ltr'><strong>autem</strong></span> <span class='ocrx_word' id='word_1_90' title='bbox 550 1094 665 1166; x_wconf 89' lang='lat' dir='ltr'><strong>quisque</strong></span> <span class='ocrx_word' id='word_1_91' title='bbox 681 1094 761 1148; x_wconf 88' lang='lat' dir='ltr'><strong>etiam</strong></span> <span class='ocrx_word' id='word_1_92' title='bbox 783 1109 828 1147; x_wconf 86' lang='lat' dir='ltr'><strong>res</strong></span> <span class='ocrx_word' id='word_1_93' title='bbox 849 1091 971 1166; x_wconf 78' lang='lat' dir='ltr'><strong>singulas</strong></span> <span class='ocrx_word' id='word_1_94' title='bbox 991 1108 1042 1164; x_wconf 87' lang='lat' dir='ltr'><strong>per</strong></span> <span class='ocrx_word' id='word_1_95' title='bbox 1062 1090 1141 1146; x_wconf 84' lang='lat' dir='ltr'><strong>fidei·</strong></span> 
     </span>
     <span class='ocr_line' id='line_1_12' title="bbox 172 1175 1138 1250; baseline -0.003 -17"><span class='ocrx_word' id='word_1_96' title='bbox 172 1180 343 1234; x_wconf 82' lang='lat' dir='ltr'><strong>commissum</strong></span> <span class='ocrx_word' id='word_1_97' title='bbox 377 1177 544 1250; x_wconf 87' lang='lat' dir='ltr'><strong>relinquere,</strong></span> <span class='ocrx_word' id='word_1_98' title='bbox 580 1177 657 1232; x_wconf 90' lang='lat' dir='ltr'><strong>uelut</strong></span> <span class='ocrx_word' id='word_1_99' title='bbox 686 1175 813 1238; x_wconf 83' lang='lat' dir='ltr'><strong>fundum,</strong></span> <span class='ocrx_word' id='word_1_100' title='bbox 844 1177 995 1238; x_wconf 90' lang='lat' dir='ltr'><strong>hominem,</strong></span> <span class='ocrx_word' id='word_1_101' title='bbox 1025 1182 1138 1238; x_wconf 88' lang='lat' dir='ltr'><strong>uestem,</strong></span> 
     </span>
     <span class='ocr_line' id='line_1_13' title="bbox 173 1259 1138 1335; baseline -0.002 -19"><span class='ocrx_word' id='word_1_102' title='bbox 173 1269 329 1335; x_wconf 82' lang='lat' dir='ltr'><strong>argentum,</strong></span> <span class='ocrx_word' id='word_1_103' title='bbox 346 1263 499 1335; x_wconf 87' lang='lat' dir='ltr'><strong>peenniam;</strong></span> <span class='ocrx_word' id='word_1_104' title='bbox 522 1269 549 1316; x_wconf 91' lang='lat' dir='ltr'><strong>et</strong></span> <span class='ocrx_word' id='word_1_105' title='bbox 570 1262 615 1317; x_wconf 92' lang='lat' dir='ltr'><strong>uel</strong></span> <span class='ocrx_word' id='word_1_106' title='bbox 630 1262 720 1334; x_wconf 88' lang='lat' dir='ltr'><strong>ipsum</strong></span> <span class='ocrx_word' id='word_1_107' title='bbox 735 1259 863 1316; x_wconf 86' lang='lat' dir='ltr'><strong>heredem</strong></span> <span class='ocrx_word' id='word_1_108' title='bbox 883 1277 995 1334; x_wconf 86' lang='lat' dir='ltr'><strong>rogare,</strong></span> <span class='ocrx_word' id='word_1_109' title='bbox 1012 1267 1042 1315; x_wconf 91' lang='lat' dir='ltr'><strong>ut</strong></span> <span class='ocrx_word' id='word_1_110' title='bbox 1058 1259 1138 1315; x_wconf 83' lang='lat' dir='ltr'><strong>elicui</strong></span> 
     </span>
     <span class='ocr_line' id='line_1_14' title="bbox 171 1345 1138 1420; baseline -0.003 -19"><span class='ocrx_word' id='word_1_111' title='bbox 171 1349 306 1409; x_wconf 89' lang='lat' dir='ltr'><strong>restituat,</strong></span> <span class='ocrx_word' id='word_1_112' title='bbox 324 1346 367 1401; x_wconf 93' lang='lat' dir='ltr'><strong>uel</strong></span> <span class='ocrx_word' id='word_1_113' title='bbox 382 1346 551 1420; x_wconf 79' lang='lat' dir='ltr'><strong>legatarium,</strong></span> <span class='ocrx_word' id='word_1_114' title='bbox 566 1347 687 1419; x_wconf 91' lang='lat' dir='ltr'><strong>quamuis</strong></span> <span class='ocrx_word' id='word_1_115' title='bbox 698 1362 713 1399; x_wconf 91' lang='lat' dir='ltr'><strong>a</strong></span> <span class='ocrx_word' id='word_1_116' title='bbox 724 1345 856 1418; x_wconf 84' lang='lat' dir='ltr'><strong>legatario</strong></span> <span class='ocrx_word' id='word_1_117' title='bbox 871 1345 957 1418; x_wconf 81' lang='lat' dir='ltr'><strong>legari</strong></span> <span class='ocrx_word' id='word_1_118' title='bbox 970 1361 1026 1400; x_wconf 91' lang='lat' dir='ltr'><strong>non</strong></span> <span class='ocrx_word' id='word_1_119' title='bbox 1041 1345 1138 1417; x_wconf 90' lang='lat' dir='ltr'><strong>possit.</strong></span> 
     </span>
     <span class='ocr_line' id='line_1_15' title="bbox 172 1426 1140 1504; baseline -0.004 -18"><span class='ocrx_word' id='word_1_120' title='bbox 172 1428 238 1486; x_wconf 82' lang='lat'><strong>261.</strong></span> <span class='ocrx_word' id='word_1_121' title='bbox 262 1431 329 1485; x_wconf 89' lang='lat' dir='ltr'><strong>ltem</strong></span> <span class='ocrx_word' id='word_1_122' title='bbox 344 1438 436 1502; x_wconf 87' lang='lat' dir='ltr'><strong>potest</strong></span> <span class='ocrx_word' id='word_1_123' title='bbox 451 1446 506 1485; x_wconf 90' lang='lat' dir='ltr'><strong>non</strong></span> <span class='ocrx_word' id='word_1_124' title='bbox 528 1430 616 1485; x_wconf 91' lang='lat' dir='ltr'><strong>solum</strong></span> <span class='ocrx_word' id='word_1_125' title='bbox 637 1431 746 1504; x_wconf 85' lang='lat' dir='ltr'><strong>propria</strong></span> <span class='ocrx_word' id='word_1_126' title='bbox 768 1431 906 1485; x_wconf 88' lang='lat' dir='ltr'><strong>testatoris</strong></span> <span class='ocrx_word' id='word_1_127' title='bbox 928 1446 971 1485; x_wconf 92' lang='lat' dir='ltr'><strong>res</strong></span> <span class='ocrx_word' id='word_1_128' title='bbox 993 1444 1043 1502; x_wconf 88' lang='lat' dir='ltr'><strong>per</strong></span> <span class='ocrx_word' id='word_1_129' title='bbox 1063 1426 1140 1483; x_wconf 89' lang='lat' dir='ltr'><strong>fidei·</strong></span> 
     </span>
    </p>

    <p class='ocr_par' dir='ltr' id='par_1_4' title="bbox 153 1513 1142 1925">
     <span class='ocr_line' id='line_1_16' title="bbox 153 1513 1139 1588; baseline -0.002 -19"><span class='ocrx_word' id='word_1_130' title='bbox 153 1525 155 1532; x_wconf 82' lang='lat'>·</span> <span class='ocrx_word' id='word_1_131' title='bbox 173 1516 347 1569; x_wconf 82' lang='lat' dir='ltr'><strong>commissum</strong></span> <span class='ocrx_word' id='word_1_132' title='bbox 362 1514 487 1586; x_wconf 84' lang='lat' dir='ltr'><strong>relinqui,</strong></span> <span class='ocrx_word' id='word_1_133' title='bbox 503 1513 552 1569; x_wconf 90' lang='lat' dir='ltr'><strong>sed</strong></span> <span class='ocrx_word' id='word_1_134' title='bbox 568 1515 646 1569; x_wconf 86' lang='lat' dir='ltr'><strong>etiam</strong></span> <span class='ocrx_word' id='word_1_135' title='bbox 662 1513 770 1570; x_wconf 89' lang='lat' dir='ltr'><strong>heredis</strong></span> <span class='ocrx_word' id='word_1_136' title='bbox 787 1522 833 1569; x_wconf 87' lang='lat' dir='ltr'><strong>aut</strong></span> <span class='ocrx_word' id='word_1_137' title='bbox 848 1513 970 1588; x_wconf 81' lang='lat' dir='ltr'><strong>legatarii</strong></span> <span class='ocrx_word' id='word_1_138' title='bbox 984 1521 1031 1568; x_wconf 91' lang='lat' dir='ltr'><strong>aut</strong></span> <span class='ocrx_word' id='word_1_139' title='bbox 1047 1514 1139 1567; x_wconf 88' lang='lat' dir='ltr'><strong>onius-</strong></span> 
     </span>
     <span class='ocr_line' id='line_1_17' title="bbox 173 1597 1142 1671; baseline -0.001 -18"><span class='ocrx_word' id='word_1_140' title='bbox 173 1598 238 1653; x_wconf 90' lang='lat' dir='ltr'><strong>libet</strong></span> <span class='ocrx_word' id='word_1_141' title='bbox 254 1597 378 1657; x_wconf 89' lang='lat' dir='ltr'><strong>alterius:</strong></span> <span class='ocrx_word' id='word_1_142' title='bbox 399 1599 491 1669; x_wconf 83' lang='lat' dir='ltr'><strong>itaque</strong></span> <span class='ocrx_word' id='word_1_143' title='bbox 512 1604 539 1653; x_wconf 90' lang='lat' dir='ltr'><strong>et</strong></span> <span class='ocrx_word' id='word_1_144' title='bbox 554 1597 700 1671; x_wconf 84' lang='lat' dir='ltr'><strong>legatarius</strong></span> <span class='ocrx_word' id='word_1_145' title='bbox 722 1615 777 1654; x_wconf 90' lang='lat' dir='ltr'><strong>non</strong></span> <span class='ocrx_word' id='word_1_146' title='bbox 793 1599 881 1654; x_wconf 92' lang='lat' dir='ltr'><strong>solum</strong></span> <span class='ocrx_word' id='word_1_147' title='bbox 897 1598 932 1653; x_wconf 91' lang='lat' dir='ltr'><strong>de</strong></span> <span class='ocrx_word' id='word_1_148' title='bbox 953 1614 984 1652; x_wconf 84' lang='lat' dir='ltr'><strong>ea</strong></span> <span class='ocrx_word' id='word_1_149' title='bbox 1004 1614 1033 1652; x_wconf 89' lang='lat' dir='ltr'><strong>re</strong></span> <span class='ocrx_word' id='word_1_150' title='bbox 1048 1597 1142 1670; x_wconf 83' lang='lat' dir='ltr'><strong>rogari</strong></span> 
     </span>
     <span class='ocr_line' id='line_1_18' title="bbox 172 1681 1140 1756; baseline 0 -20"><span class='ocrx_word' id='word_1_151' title='bbox 172 1689 278 1755; x_wconf 86' lang='lat' dir='ltr'><strong>potest,</strong></span> <span class='ocrx_word' id='word_1_152' title='bbox 294 1689 325 1736; x_wconf 91' lang='lat' dir='ltr'><strong>ut</strong></span> <span class='ocrx_word' id='word_1_153' title='bbox 341 1697 398 1737; x_wconf 84' lang='lat' dir='ltr'><strong>eam</strong></span> <span class='ocrx_word' id='word_1_154' title='bbox 419 1681 501 1737; x_wconf 89' lang='lat' dir='ltr'><strong>alieni</strong></span> <span class='ocrx_word' id='word_1_155' title='bbox 515 1683 654 1744; x_wconf 87' lang='lat' dir='ltr'><strong>restituat,</strong></span> <span class='ocrx_word' id='word_1_156' title='bbox 672 1699 740 1756; x_wconf 86' lang='lat' dir='ltr'><strong>quae</strong></span> <span class='ocrx_word' id='word_1_157' title='bbox 762 1683 787 1737; x_wconf 89' lang='lat' dir='ltr'><strong>ei</strong></span> <span class='ocrx_word' id='word_1_158' title='bbox 809 1683 898 1756; x_wconf 83' lang='lat' dir='ltr'><strong>legata</strong></span> <span class='ocrx_word' id='word_1_159' title='bbox 919 1683 968 1744; x_wconf 86' lang='lat' dir='ltr'><strong>sit,</strong></span> <span class='ocrx_word' id='word_1_160' title='bbox 991 1682 1038 1737; x_wconf 91' lang='lat' dir='ltr'><strong>sed</strong></span> <span class='ocrx_word' id='word_1_161' title='bbox 1060 1683 1140 1736; x_wconf 87' lang='lat' dir='ltr'><strong>etiam</strong></span> 
     </span>
     <span class='ocr_line' id='line_1_19' title="bbox 174 1757 1141 1840; baseline -0.001 -19"><span class='ocrx_word' id='word_1_162' title='bbox 174 1768 206 1822; x_wconf 92' lang='lat' dir='ltr'><strong>de</strong></span> <span class='ocrx_word' id='word_1_163' title='bbox 228 1765 291 1828; x_wconf 86' lang='lat' dir='ltr'><strong>alia,</strong></span> <span class='ocrx_word' id='word_1_164' title='bbox 313 1766 372 1821; x_wconf 86' lang='lat' dir='ltr'><strong>slue</strong></span> <span class='ocrx_word' id='word_1_165' title='bbox 393 1757 481 1839; x_wconf 85' lang='lat' dir='ltr'><strong>ipsius¹</strong></span> <span class='ocrx_word' id='word_1_166' title='bbox 499 1765 622 1840; x_wconf 81' lang='lat' dir='ltr'><strong>legatarii</strong></span> <span class='ocrx_word' id='word_1_167' title='bbox 641 1769 702 1822; x_wconf 86' lang='lat' dir='ltr'><strong>&#39;siue</strong></span> <span class='ocrx_word' id='word_1_168' title='bbox 722 1766 808 1822; x_wconf 90' lang='lat' dir='ltr'><strong>aliena</strong></span> <span class='ocrx_word' id='word_1_169' title='bbox 828 1769 873 1823; x_wconf 91' lang='lat' dir='ltr'><strong>sit.</strong></span> <span class='ocrx_word' id='word_1_170' title='bbox 925 1758 1030 1821; x_wconf 65' lang='grc' dir='ltr'><strong>Ηοει191</strong></span> <span class='ocrx_word' id='word_1_171' title='bbox 1052 1766 1141 1821; x_wconf 92' lang='lat' dir='ltr'><strong>solum</strong></span> 
     </span>
     <span class='ocr_line' id='line_1_20' title="bbox 174 1849 1139 1925; baseline 0 -20"><span class='ocrx_word' id='word_1_172' title='bbox 174 1849 373 1916; x_wconf 85' lang='lat' dir='ltr'><strong>obseruandum</strong></span> <span class='ocrx_word' id='word_1_173' title='bbox 388 1858 442 1911; x_wconf 89' lang='lat' dir='ltr'><strong>est,</strong></span> <span class='ocrx_word' id='word_1_174' title='bbox 459 1867 494 1907; x_wconf 90' lang='lat' dir='ltr'><strong>ne</strong></span> <span class='ocrx_word' id='word_1_175' title='bbox 508 1851 569 1924; x_wconf 88' lang='lat' dir='ltr'><strong>plus</strong></span> <span class='ocrx_word' id='word_1_176' title='bbox 586 1853 729 1925; x_wconf 90' lang='lat' dir='ltr'><strong>quisquam</strong></span> <span class='ocrx_word' id='word_1_177' title='bbox 749 1858 866 1925; x_wconf 85' lang='lat' dir='ltr'><strong>rogetur</strong></span> <span class='ocrx_word' id='word_1_178' title='bbox 886 1849 965 1905; x_wconf 80' lang='lat' dir='ltr'><strong>elicui</strong></span> <span class='ocrx_word' id='word_1_179' title='bbox 985 1851 1139 1918; x_wconf 86' lang='lat' dir='ltr'><strong>restituere,</strong></span> 
     </span>
    </p>

    <p class='ocr_par' dir='ltr' id='par_1_5' title="bbox 11 1930 1231 2598">
     <span class='ocr_line' id='line_1_21' title="bbox 11 1930 1139 2012; baseline 0 -22"><span class='ocrx_word' id='word_1_180' title='bbox 11 1935 14 1940; x_wconf 88' lang='lat'>&#39;</span> <span class='ocrx_word' id='word_1_181' title='bbox 108 1947 163 1998; x_wconf 79' lang='lat'><strong>122,</strong></span> <span class='ocrx_word' id='word_1_182' title='bbox 175 1952 254 2009; x_wconf 86' lang='lat' dir='ltr'><strong>quam</strong></span> <span class='ocrx_word' id='word_1_183' title='bbox 274 1935 333 2008; x_wconf 90' lang='lat' dir='ltr'><strong>ipse</strong></span> <span class='ocrx_word' id='word_1_184' title='bbox 353 1951 386 1990; x_wconf 79' lang='lat' dir='ltr'><strong>eu</strong></span> <span class='ocrx_word' id='word_1_185' title='bbox 411 1941 574 1992; x_wconf 87' lang='lat' dir='ltr'><strong>testamento</strong></span> <span class='ocrx_word' id='word_1_186' title='bbox 601 1937 718 2009; x_wconf 64' lang='lat' dir='ltr'><strong>ceperim</strong></span> <span class='ocrx_word' id='word_1_187' title='bbox 747 1952 808 1991; x_wconf 89' lang='lat' dir='ltr'><strong>nam</strong></span> <span class='ocrx_word' id='word_1_188' title='bbox 831 1930 834 2012; x_wconf 69' lang='lat' dir='ltr'><strong>l</strong></span> <span class='ocrx_word' id='word_1_189' title='bbox 858 1933 932 2008; x_wconf 90' lang='lat' dir='ltr'><strong>quod</strong></span> <span class='ocrx_word' id='word_1_190' title='bbox 953 1935 1067 2007; x_wconf 89' lang='lat' dir='ltr'><strong>amplius</strong></span> <span class='ocrx_word' id='word_1_191' title='bbox 1089 1942 1139 1997; x_wconf 90' lang='lat' dir='ltr'><strong>est,</strong></span> 
     </span>
     <span class='ocr_line' id='line_1_22' title="bbox 173 2016 1141 2093; baseline -0.001 -18"><span class='ocrx_word' id='word_1_192' title='bbox 173 2020 307 2075; x_wconf 87' lang='lat' dir='ltr'><strong>inutiliter</strong></span> <span class='ocrx_word' id='word_1_193' title='bbox 319 2018 491 2093; x_wconf 87' lang='lat' dir='ltr'><strong>relinquitur.</strong></span> <span class='ocrx_word' id='word_1_194' title='bbox 536 2016 606 2078; x_wconf 79' lang='lat'><strong>262.</strong></span> <span class='ocrx_word' id='word_1_195' title='bbox 631 2019 697 2075; x_wconf 83' lang='lat' dir='ltr'><strong>Cum</strong></span> <span class='ocrx_word' id='word_1_196' title='bbox 712 2027 802 2075; x_wconf 90' lang='lat' dir='ltr'><strong>autem</strong></span> <span class='ocrx_word' id='word_1_197' title='bbox 824 2018 972 2075; x_wconf 88' lang='lat' dir='ltr'><strong>alienares</strong></span> <span class='ocrx_word' id='word_1_198' title='bbox 994 2035 1044 2092; x_wconf 93' lang='lat' dir='ltr'><strong>per</strong></span> <span class='ocrx_word' id='word_1_199' title='bbox 1066 2017 1141 2074; x_wconf 86' lang='lat' dir='ltr'><strong>lidel-</strong></span> 
     </span>
     <span class='ocr_line' id='line_1_23' title="bbox 173 2103 1142 2177; baseline -0.002 -17"><span class='ocrx_word' id='word_1_200' title='bbox 173 2105 345 2160; x_wconf 89' lang='lat' dir='ltr'><strong>oommissum</strong></span> <span class='ocrx_word' id='word_1_201' title='bbox 361 2103 538 2176; x_wconf 88' lang='lat' dir='ltr'><strong>relinquitur,</strong></span> <span class='ocrx_word' id='word_1_202' title='bbox 560 2121 672 2160; x_wconf 88' lang='lat' dir='ltr'><strong>neeesse</strong></span> <span class='ocrx_word' id='word_1_203' title='bbox 693 2112 735 2159; x_wconf 88' lang='lat' dir='ltr'><strong>est</strong></span> <span class='ocrx_word' id='word_1_204' title='bbox 756 2105 794 2167; x_wconf 90' lang='lat' dir='ltr'><strong>ei,</strong></span> <span class='ocrx_word' id='word_1_205' title='bbox 818 2105 866 2177; x_wconf 93' lang='lat' dir='ltr'><strong>qui</strong></span> <span class='ocrx_word' id='word_1_206' title='bbox 886 2111 1000 2176; x_wconf 78' lang='lat' dir='ltr'><strong>rogatus</strong></span> <span class='ocrx_word' id='word_1_207' title='bbox 1022 2111 1078 2166; x_wconf 92' lang='lat' dir='ltr'><strong>est,</strong></span> <span class='ocrx_word' id='word_1_208' title='bbox 1096 2110 1142 2159; x_wconf 87' lang='lat' dir='ltr'><strong>aut</strong></span> 
     </span>
     <span class='ocr_line' id='line_1_24' title="bbox 173 2187 1141 2262; baseline -0.002 -18"><span class='ocrx_word' id='word_1_209' title='bbox 173 2192 261 2262; x_wconf 87' lang='lat' dir='ltr'><strong>ipsam</strong></span> <span class='ocrx_word' id='word_1_210' title='bbox 277 2187 411 2244; x_wconf 89' lang='lat' dir='ltr'><strong>redimere</strong></span> <span class='ocrx_word' id='word_1_211' title='bbox 426 2197 453 2244; x_wconf 91' lang='lat' dir='ltr'><strong>et</strong></span> <span class='ocrx_word' id='word_1_212' title='bbox 468 2196 619 2261; x_wconf 87' lang='lat' dir='ltr'><strong>praestare,</strong></span> <span class='ocrx_word' id='word_1_213' title='bbox 642 2197 689 2244; x_wconf 87' lang='lat' dir='ltr'><strong>aut</strong></span> <span class='ocrx_word' id='word_1_214' title='bbox 704 2189 917 2244; x_wconf 87' lang='lat' dir='ltr'><strong>aestimationem</strong></span> <span class='ocrx_word' id='word_1_215' title='bbox 940 2192 1002 2244; x_wconf 84' lang='lat' dir='ltr'><strong>eius</strong></span> <span class='ocrx_word' id='word_1_216' title='bbox 1012 2187 1141 2249; x_wconf 83' lang='lat' dir='ltr'><strong>soluere,</strong></span> 
     </span>
     <span class='ocr_line' id='line_1_25' title="bbox 174 2272 1231 2347; baseline -0.004 -19"><span class='ocrx_word' id='word_1_217' title='bbox 174 2279 246 2329; x_wconf 82' lang='lat' dir='ltr'><strong>sient</strong></span> <span class='ocrx_word' id='word_1_218' title='bbox 261 2274 329 2328; x_wconf 79' lang='lat' dir='ltr'><strong>iuris</strong></span> <span class='ocrx_word' id='word_1_219' title='bbox 345 2280 395 2343; x_wconf 86' lang='lat' dir='ltr'><strong>est,</strong></span> <span class='ocrx_word' id='word_1_220' title='bbox 413 2277 501 2347; x_wconf 86' lang='lat' dir='ltr'><strong>siper</strong></span> <span class='ocrx_word' id='word_1_221' title='bbox 517 2274 715 2329; x_wconf 83' lang='lat' dir='ltr'><strong>damnationem</strong></span> <span class='ocrx_word' id='word_1_222' title='bbox 731 2272 816 2342; x_wconf 84' lang='lat' dir='ltr'><strong>aliena</strong></span> <span class='ocrx_word' id='word_1_223' title='bbox 838 2289 881 2328; x_wconf 93' lang='lat' dir='ltr'><strong>res</strong></span> <span class='ocrx_word' id='word_1_224' title='bbox 898 2272 990 2346; x_wconf 87' lang='lat' dir='ltr'><strong>legata</strong></span> <span class='ocrx_word' id='word_1_225' title='bbox 1005 2273 1054 2327; x_wconf 90' lang='lat' dir='ltr'><strong>sit:</strong></span> <span class='ocrx_word' id='word_1_226' title='bbox 1076 2279 1142 2326; x_wconf 85' lang='lat' dir='ltr'><strong>sunt</strong></span> <span class='ocrx_word' id='word_1_227' title='bbox 1190 2304 1192 2309; x_wconf 88' lang='lat'><em>.</em></span> <span class='ocrx_word' id='word_1_228' title='bbox 1229 2277 1231 2282; x_wconf 82' lang='grc'>’</span> 
     </span>
     <span class='ocr_line' id='line_1_26' title="bbox 173 2353 1141 2430; baseline -0.004 -18"><span class='ocrx_word' id='word_1_229' title='bbox 173 2367 276 2417; x_wconf 86' lang='lat' dir='ltr'><strong>tamen.</strong></span> <span class='ocrx_word' id='word_1_230' title='bbox 294 2357 340 2428; x_wconf 92' lang='lat' dir='ltr'><strong>qui</strong></span> <span class='ocrx_word' id='word_1_231' title='bbox 354 2364 464 2429; x_wconf 86' lang='lat' dir='ltr'><strong>putant,</strong></span> <span class='ocrx_word' id='word_1_232' title='bbox 481 2358 503 2412; x_wconf 94' lang='lat' dir='ltr'><strong>si</strong></span> <span class='ocrx_word' id='word_1_233' title='bbox 519 2374 576 2412; x_wconf 89' lang='lat' dir='ltr'><strong>rem</strong></span> <span class='ocrx_word' id='word_1_234' title='bbox 591 2374 640 2430; x_wconf 90' lang='lat' dir='ltr'><strong>per</strong></span> <span class='ocrx_word' id='word_1_235' title='bbox 655 2355 891 2413; x_wconf 84' lang='lat' dir='ltr'><strong>fideicommissum</strong></span> <span class='ocrx_word' id='word_1_236' title='bbox 913 2356 1033 2411; x_wconf 89' lang='lat' dir='ltr'><strong>relictam</strong></span> <span class='ocrx_word' id='word_1_237' title='bbox 1049 2353 1141 2426; x_wconf 36' lang='lat' dir='ltr'><strong>,domi-</strong></span> 
     </span>
     <span class='ocr_line' id='line_1_27' title="bbox 173 2439 1141 2514; baseline -0.003 -18"><span class='ocrx_word' id='word_1_238' title='bbox 173 2459 224 2496; x_wconf 90' lang='lat' dir='ltr'><strong>nus</strong></span> <span class='ocrx_word' id='word_1_239' title='bbox 253 2454 308 2495; x_wconf 91' lang='lat' dir='ltr'><strong>non</strong></span> <span class='ocrx_word' id='word_1_240' title='bbox 334 2439 447 2504; x_wconf 74' lang='lat' dir='ltr'><strong>reddat,</strong></span> <span class='ocrx_word' id='word_1_241' title='bbox 475 2443 597 2514; x_wconf 80' lang='lat' dir='ltr'><strong>extingui</strong></span> <span class='ocrx_word' id='word_1_242' title='bbox 623 2439 874 2504; x_wconf 65' lang='lat' dir='ltr'><strong>fideicommissorum</strong></span> <span class='ocrx_word' id='word_1_243' title='bbox 901 2439 949 2495; x_wconf 88' lang='lat' dir='ltr'><strong>sed</strong></span> <span class='ocrx_word' id='word_1_244' title='bbox 974 2439 1052 2494; x_wconf 87' lang='lat' dir='ltr'><strong>aliam</strong></span> <span class='ocrx_word' id='word_1_245' title='bbox 1080 2455 1141 2493; x_wconf 90' lang='lat' dir='ltr'><strong>esse</strong></span> 
     </span>
     <span class='ocr_line' id='line_1_28' title="bbox 174 2523 665 2598; baseline 0 -18"><span class='ocrx_word' id='word_1_246' title='bbox 174 2540 281 2580; x_wconf 86' lang='lat' dir='ltr'><strong>eausam</strong></span> <span class='ocrx_word' id='word_1_247' title='bbox 296 2539 345 2596; x_wconf 88' lang='lat' dir='ltr'><strong>per</strong></span> <span class='ocrx_word' id='word_1_248' title='bbox 359 2523 556 2582; x_wconf 87' lang='lat' dir='ltr'><strong>damnationem</strong></span> <span class='ocrx_word' id='word_1_249' title='bbox 573 2526 665 2598; x_wconf 81' lang='lat' dir='ltr'><strong>legati.</strong></span> 
     </span>
    </p>

    <p class='ocr_par' dir='ltr' id='par_1_6' title="bbox 174 2603 1142 2768">
     <span class='ocr_line' id='line_1_29' title="bbox 237 2603 1142 2684; baseline -0.003 -20"><span class='ocrx_word' id='word_1_250' title='bbox 237 2603 306 2664; x_wconf 80' lang='lat'>263.</span> <span class='ocrx_word' id='word_1_251' title='bbox 341 2606 462 2664; x_wconf 83' lang='lat' dir='ltr'><strong>Libertas</strong></span> <span class='ocrx_word' id='word_1_252' title='bbox 490 2626 599 2684; x_wconf 91' lang='lat' dir='ltr'><strong>quoque</strong></span> <span class='ocrx_word' id='word_1_253' title='bbox 630 2626 713 2665; x_wconf 88' lang='lat' dir='ltr'><strong>seruo</strong></span> <span class='ocrx_word' id='word_1_254' title='bbox 745 2627 795 2684; x_wconf 89' lang='lat' dir='ltr'><strong>per</strong></span> <span class='ocrx_word' id='word_1_255' title='bbox 821 2609 1058 2665; x_wconf 81' lang='lat' dir='ltr'><strong>fideicommissum</strong></span> <span class='ocrx_word' id='word_1_256' title='bbox 1085 2607 1142 2662; x_wconf 87' lang='lat' dir='ltr'><strong>dari</strong></span> 
     </span>
     <span class='ocr_line' id='line_1_30' title="bbox 174 2692 1139 2768; baseline 0 -22"><span class='ocrx_word' id='word_1_257' title='bbox 174 2699 279 2766; x_wconf 85' lang='lat' dir='ltr'><strong>potest.</strong></span> <span class='ocrx_word' id='word_1_258' title='bbox 308 2699 337 2747; x_wconf 89' lang='lat' dir='ltr'><strong>ut</strong></span> <span class='ocrx_word' id='word_1_259' title='bbox 363 2693 407 2748; x_wconf 91' lang='lat' dir='ltr'><strong>uel</strong></span> <span class='ocrx_word' id='word_1_260' title='bbox 435 2694 514 2749; x_wconf 90' lang='lat' dir='ltr'><strong>heres</strong></span> <span class='ocrx_word' id='word_1_261' title='bbox 540 2701 655 2768; x_wconf 83' lang='lat' dir='ltr'><strong>rogetur</strong></span> <span class='ocrx_word' id='word_1_262' title='bbox 681 2696 885 2755; x_wconf 86' lang='lat' dir='ltr'><strong>manumittere,</strong></span> <span class='ocrx_word' id='word_1_263' title='bbox 913 2694 957 2749; x_wconf 90' lang='lat' dir='ltr'><strong>uel</strong></span> <span class='ocrx_word' id='word_1_264' title='bbox 983 2692 1139 2766; x_wconf 83' lang='lat' dir='ltr'><strong>legatarius.</strong></span> 
     </span>
    </p>
   </div>
   <div class='ocr_carea' id='block_1_3' title="bbox 175 2873 1144 3008">
    <p class='ocr_par' dir='ltr' id='par_1_7' title="bbox 175 2873 1144 3008">
     <span class='ocr_line' id='line_1_31' title="bbox 178 2873 1144 2939; baseline 0.001 -18"><span class='ocrx_word' id='word_1_265' title='bbox 178 2873 219 2938; x_wconf 69' lang='lat'>¹⁹¹)</span> <span class='ocrx_word' id='word_1_266' title='bbox 235 2873 280 2922; x_wconf 83' lang='lat' dir='ltr'><strong>Eae</strong></span> <span class='ocrx_word' id='word_1_267' title='bbox 292 2873 360 2922; x_wconf 86' lang='lat' dir='ltr'><strong>last.</strong></span> <span class='ocrx_word' id='word_1_268' title='bbox 383 2875 424 2924; x_wconf 88' lang='lat' dir='ltr'><strong>sed</strong></span> <span class='ocrx_word' id='word_1_269' title='bbox 437 2875 483 2924; x_wconf 87' lang='lat' dir='ltr'><strong>hoe</strong></span> <span class='ocrx_word' id='word_1_270' title='bbox 496 2875 524 2926; x_wconf 80' lang='grc' dir='ltr'><strong>Ο.</strong></span> <span class='ocrx_word' id='word_1_271' title='bbox 538 2878 597 2928; x_wconf 85' lang='lat' dir='ltr'><strong>edd.</strong></span> <span class='ocrx_word' id='word_1_272' title='bbox 609 2892 693 2925; x_wconf 83' lang='lat' dir='ltr'><strong>oerum</strong></span> <span class='ocrx_word' id='word_1_273' title='bbox 708 2876 751 2925; x_wconf 88' lang='lat' dir='ltr'><strong>sed</strong></span> <span class='ocrx_word' id='word_1_274' title='bbox 771 2891 805 2925; x_wconf 72' lang='lat' dir='ltr'><strong>eae</strong></span> <span class='ocrx_word' id='word_1_275' title='bbox 821 2876 993 2939; x_wconf 82' lang='lat' dir='ltr'><strong>praecedente</strong></span> <span class='ocrx_word' id='word_1_276' title='bbox 1012 2877 1043 2924; x_wconf 87' lang='lat' dir='ltr'><strong>sit</strong></span> <span class='ocrx_word' id='word_1_277' title='bbox 1060 2881 1144 2924; x_wconf 81' lang='lat' dir='ltr'><strong>natum</strong></span> 
     </span>
     <span class='ocr_line' id='line_1_32' title="bbox 175 2940 1142 3008; baseline -0.003 -17"><span class='ocrx_word' id='word_1_278' title='bbox 175 2944 285 2991; x_wconf 79' lang='lat' dir='ltr'><strong>videtur.</strong></span> <span class='ocrx_word' id='word_1_279' title='bbox 316 2940 417 2993; x_wconf 76' lang='lat' dir='ltr'><strong>Errore</strong></span> <span class='ocrx_word' id='word_1_280' title='bbox 429 2942 480 3007; x_wconf 70' lang='lat' dir='ltr'><strong>By.</strong></span> <span class='ocrx_word' id='word_1_281' title='bbox 494 2945 535 2994; x_wconf 86' lang='lat' dir='ltr'><strong>ed.</strong></span> <span class='ocrx_word' id='word_1_282' title='bbox 550 2955 570 2996; x_wconf 83' lang='lat'><strong>5.</strong></span> <span class='ocrx_word' id='word_1_283' title='bbox 589 2959 627 2993; x_wconf 86' lang='lat' dir='ltr'><strong>me</strong></span> <span class='ocrx_word' id='word_1_284' title='bbox 643 2945 715 3008; x_wconf 81' lang='lat' dir='ltr'><strong>prius</strong></span> <span class='ocrx_word' id='word_1_285' title='bbox 732 2945 774 2992; x_wconf 91' lang='lat' dir='ltr'><strong>sed</strong></span> <span class='ocrx_word' id='word_1_286' title='bbox 787 2944 856 3005; x_wconf 85' lang='lat' dir='ltr'><strong>(ante</strong></span> <span class='ocrx_word' id='word_1_287' title='bbox 875 2941 956 3004; x_wconf 86' lang='lat' dir='ltr'><strong>etiam)</strong></span> <span class='ocrx_word' id='word_1_288' title='bbox 970 2944 1085 2992; x_wconf 86' lang='lat' dir='ltr'><strong>omittere</strong></span> <span class='ocrx_word' id='word_1_289' title='bbox 1098 2943 1142 2990; x_wconf 82' lang='lat' dir='ltr'><strong>eit.</strong></span> 
     </span>
    </p>
   </div>
   <div class='ocr_carea' id='block_1_4' title="bbox 181 3061 382 3068">
    <p class='ocr_par' dir='ltr' id='par_1_8' title="bbox 181 3061 382 3068">
     <span class='ocr_line' id='line_1_33' title="bbox 181 3061 382 3068; baseline 0.005 -2"><span class='ocrx_word' id='word_1_290' title='bbox 181 3063 201 3067; x_wconf 81' lang='lat'><strong>-..</strong></span> <span class='ocrx_word' id='word_1_291' title='bbox 212 3061 382 3068; x_wconf 45' lang='lat' dir='ltr'><strong>,um——</strong></span> 
     </span>
    </p>
   </div>
   <div class='ocr_carea' id='block_1_5' title="bbox 117 3126 1146 3532">
    <p class='ocr_par' dir='ltr' id='par_1_9' title="bbox 117 3126 1146 3262">
     <span class='ocr_line' id='line_1_34' title="bbox 117 3126 1144 3194; baseline -0.003 -18"><span class='ocrx_word' id='word_1_292' title='bbox 117 3159 118 3162; x_wconf 59' lang='lat'><em>=</em></span> <span class='ocrx_word' id='word_1_293' title='bbox 175 3127 201 3194; x_wconf 65' lang='grc' dir='ltr'><strong>ξ</strong></span> <span class='ocrx_word' id='word_1_294' title='bbox 216 3126 361 3191; x_wconf 70' lang='lat' dir='ltr'><strong>259.=s.</strong></span> <span class='ocrx_word' id='word_1_295' title='bbox 373 3135 393 3176; x_wconf 85' lang='lat'><strong>8.</strong></span> <span class='ocrx_word' id='word_1_296' title='bbox 406 3127 430 3177; x_wconf 90' lang='lat' dir='ltr'><strong>I.</strong></span> <span class='ocrx_word' id='word_1_297' title='bbox 443 3128 467 3180; x_wconf 80' lang='lat' dir='ltr'><strong>h.</strong></span> <span class='ocrx_word' id='word_1_298' title='bbox 481 3135 498 3178; x_wconf 83' lang='lat' dir='ltr'><strong>t.</strong></span> <span class='ocrx_word' id='word_1_299' title='bbox 514 3126 543 3192; x_wconf 79' lang='lat' dir='ltr'><strong>(t,</strong></span> <span class='ocrx_word' id='word_1_300' title='bbox 560 3129 604 3192; x_wconf 78' lang='lat'><strong>23).</strong></span> <span class='ocrx_word' id='word_1_301' title='bbox 674 3126 1144 3194; x_wconf 74' lang='lat' dir='ltr'><strong>§260.=pr.1.uesin9.reo.p.</strong></span> 
     </span>
     <span class='ocr_line' id='line_1_35' title="bbox 175 3191 1146 3262; baseline -0.005 -18"><span class='ocrx_word' id='word_1_302' title='bbox 175 3199 257 3259; x_wconf 77' lang='lat' dir='ltr'><strong>siless.</strong></span> <span class='ocrx_word' id='word_1_303' title='bbox 272 3194 301 3260; x_wconf 81' lang='lat'><strong>(2,</strong></span> <span class='ocrx_word' id='word_1_304' title='bbox 316 3195 362 3259; x_wconf 76' lang='grc'><strong>24).</strong></span> <span class='ocrx_word' id='word_1_305' title='bbox 385 3196 423 3244; x_wconf 89' lang='lat' dir='ltr'><strong>uel</strong></span> <span class='ocrx_word' id='word_1_306' title='bbox 435 3197 583 3256; x_wconf 81' lang='lat' dir='ltr'><strong>legatarium]</strong></span> <span class='ocrx_word' id='word_1_307' title='bbox 601 3197 636 3260; x_wconf 83' lang='lat' dir='ltr'><strong>of.</strong></span> <span class='ocrx_word' id='word_1_308' title='bbox 652 3195 680 3260; x_wconf 76' lang='grc'><strong>3.</strong></span> <span class='ocrx_word' id='word_1_309' title='bbox 693 3206 739 3248; x_wconf 79' lang='lat'><strong>271.</strong></span> <span class='ocrx_word' id='word_1_310' title='bbox 761 3197 818 3260; x_wconf 81' lang='lat' dir='ltr'><strong>Uip.</strong></span> <span class='ocrx_word' id='word_1_311' title='bbox 832 3203 869 3254; x_wconf 76' lang='lat' dir='ltr'><strong>et,</strong></span> <span class='ocrx_word' id='word_1_312' title='bbox 882 3204 915 3244; x_wconf 74' lang='lat'><strong>²0.</strong></span> <span class='ocrx_word' id='word_1_313' title='bbox 996 3191 1023 3262; x_wconf 69' lang='grc' dir='ltr'><strong>ξ.</strong></span> <span class='ocrx_word' id='word_1_314' title='bbox 1038 3194 1097 3246; x_wconf 77' lang='lat'><strong>261.</strong></span> <span class='ocrx_word' id='word_1_315' title='bbox 1110 3213 1146 3238; x_wconf 94' lang='lat'>=</span> 
     </span>
    </p>

    <p class='ocr_par' dir='ltr' id='par_1_10' title="bbox 175 3259 1146 3466">
     <span class='ocr_line' id='line_1_36' title="bbox 176 3259 1145 3328; baseline -0.003 -16"><span class='ocrx_word' id='word_1_316' title='bbox 176 3263 202 3326; x_wconf 64' lang='lat'><strong>3.</strong></span> <span class='ocrx_word' id='word_1_317' title='bbox 218 3262 499 3327; x_wconf 70' lang='lat' dir='ltr'><strong>1.l.e0d.iltp.2r‚o.</strong></span> <span class='ocrx_word' id='word_1_318' title='bbox 519 3266 664 3323; x_wconf 56' lang='lat' dir='ltr'><strong>Panthi.</strong></span> <span class='ocrx_word' id='word_1_319' title='bbox 685 3261 801 3328; x_wconf 52' lang='grc'><strong>3322.</strong></span> <span class='ocrx_word' id='word_1_320' title='bbox 905 3259 1145 3326; x_wconf 69' lang='lat' dir='ltr'><strong>.262.=§.1.I.</strong></span> 
     </span>
     <span class='ocr_line' id='line_1_37' title="bbox 175 3330 1146 3396; baseline -0.002 -16"><span class='ocrx_word' id='word_1_321' title='bbox 175 3334 218 3383; x_wconf 79' lang='lat' dir='ltr'><strong>eit.</strong></span> <span class='ocrx_word' id='word_1_322' title='bbox 239 3332 297 3396; x_wconf 80' lang='lat' dir='ltr'><strong>Ulp.</strong></span> <span class='ocrx_word' id='word_1_323' title='bbox 310 3342 343 3392; x_wconf 81' lang='lat'><strong>25,</strong></span> <span class='ocrx_word' id='word_1_324' title='bbox 356 3341 377 3381; x_wconf 82' lang='lat'><strong>5.</strong></span> <span class='ocrx_word' id='word_1_325' title='bbox 397 3331 472 3381; x_wconf 82' lang='lat' dir='ltr'><strong>Paul.</strong></span> <span class='ocrx_word' id='word_1_326' title='bbox 486 3340 506 3390; x_wconf 78' lang='lat' dir='ltr'><strong>a,</strong></span> <span class='ocrx_word' id='word_1_327' title='bbox 521 3342 541 3380; x_wconf 91' lang='lat'><strong>1.</strong></span> <span class='ocrx_word' id='word_1_328' title='bbox 556 3330 609 3396; x_wconf 78' lang='lat' dir='ltr'><strong>S·⁷·</strong></span> <span class='ocrx_word' id='word_1_329' title='bbox 628 3332 661 3385; x_wconf 84' lang='lat' dir='ltr'><strong>L.</strong></span> <span class='ocrx_word' id='word_1_330' title='bbox 671 3340 702 3384; x_wconf 77' lang='lat' dir='ltr'><strong>ia.</strong></span> <span class='ocrx_word' id='word_1_331' title='bbox 717 3330 773 3394; x_wconf 69' lang='lat' dir='ltr'><strong>sm.</strong></span> <span class='ocrx_word' id='word_1_332' title='bbox 793 3333 825 3381; x_wconf 84' lang='lat' dir='ltr'><strong>L.</strong></span> <span class='ocrx_word' id='word_1_333' title='bbox 832 3340 865 3381; x_wconf 85' lang='lat' dir='ltr'><strong>eo.</strong></span> <span class='ocrx_word' id='word_1_334' title='bbox 901 3334 965 3383; x_wconf 82' lang='lat' dir='ltr'><strong>.utt.</strong></span> <span class='ocrx_word' id='word_1_335' title='bbox 979 3331 1012 3380; x_wconf 84' lang='grc' dir='ltr'><strong>Ι).</strong></span> <span class='ocrx_word' id='word_1_336' title='bbox 1026 3331 1058 3380; x_wconf 81' lang='lat' dir='ltr'><strong>de</strong></span> <span class='ocrx_word' id='word_1_337' title='bbox 1071 3332 1146 3394; x_wconf 69' lang='lat' dir='ltr'><strong>teqe.</strong></span> 
     </span>
     <span class='ocr_line' id='line_1_38' title="bbox 244 3395 1146 3466; baseline -0.004 -16"><span class='ocrx_word' id='word_1_338' title='bbox 244 3395 288 3466; x_wconf 55' lang='grc' dir='ltr'><strong>ἐξ.</strong></span> <span class='ocrx_word' id='word_1_339' title='bbox 302 3399 446 3450; x_wconf 76' lang='lat' dir='ltr'><strong>eeu—267.</strong></span> <span class='ocrx_word' id='word_1_340' title='bbox 466 3398 508 3462; x_wconf 77' lang='lat' dir='ltr'><strong>Of.</strong></span> <span class='ocrx_word' id='word_1_341' title='bbox 521 3401 553 3449; x_wconf 87' lang='lat' dir='ltr'><strong>de</strong></span> <span class='ocrx_word' id='word_1_342' title='bbox 566 3401 656 3449; x_wconf 81' lang='lat' dir='ltr'><strong>ordine</strong></span> <span class='ocrx_word' id='word_1_343' title='bbox 664 3415 745 3463; x_wconf 80' lang='lat' dir='ltr'><strong>supra</strong></span> <span class='ocrx_word' id='word_1_344' title='bbox 758 3397 940 3464; x_wconf 48' lang='lat' dir='ltr'><strong>§guse-1903</strong></span> <span class='ocrx_word' id='word_1_345' title='bbox 954 3399 985 3448; x_wconf 85' lang='lat' dir='ltr'><strong>de</strong></span> <span class='ocrx_word' id='word_1_346' title='bbox 998 3413 1027 3447; x_wconf 85' lang='lat' dir='ltr'><strong>re</strong></span> <span class='ocrx_word' id='word_1_347' title='bbox 1038 3417 1075 3440; x_wconf 96' lang='lat'><strong><em>=</em></strong></span> <span class='ocrx_word' id='word_1_348' title='bbox 1087 3395 1115 3460; x_wconf 71' lang='lat'><strong>8.</strong></span> <span class='ocrx_word' id='word_1_349' title='bbox 1126 3407 1146 3447; x_wconf 78' lang='lat'><strong>2.</strong></span> 
     </span>
    </p>

    <p class='ocr_par' dir='ltr' id='par_1_11' title="bbox 175 3463 1146 3532">
     <span class='ocr_line' id='line_1_39' title="bbox 175 3463 1146 3532; baseline 0 -16"><span class='ocrx_word' id='word_1_350' title='bbox 175 3467 200 3515; x_wconf 83' lang='grc' dir='ltr'><strong>Ι.</strong></span> <span class='ocrx_word' id='word_1_351' title='bbox 215 3469 273 3516; x_wconf 78' lang='lat' dir='ltr'><strong>eod.</strong></span> <span class='ocrx_word' id='word_1_352' title='bbox 292 3466 326 3532; x_wconf 84' lang='grc'><strong>(2,</strong></span> <span class='ocrx_word' id='word_1_353' title='bbox 341 3465 385 3529; x_wconf 78' lang='lat' dir='ltr'><strong>rr).</strong></span> <span class='ocrx_word' id='word_1_354' title='bbox 466 3463 628 3532; x_wconf 60' lang='lat' dir='ltr'><strong>§.eosve</strong></span> <span class='ocrx_word' id='word_1_355' title='bbox 645 3466 718 3530; x_wconf 75' lang='lat' dir='ltr'><strong>Epir.</strong></span> <span class='ocrx_word' id='word_1_356' title='bbox 736 3476 760 3525; x_wconf 88' lang='grc'><strong>2,</strong></span> <span class='ocrx_word' id='word_1_357' title='bbox 778 3476 798 3517; x_wconf 80' lang='lat' dir='ltr'><strong>a.</strong></span> <span class='ocrx_word' id='word_1_358' title='bbox 818 3465 845 3530; x_wconf 73' lang='lat' dir='ltr'><strong>g.</strong></span> <span class='ocrx_word' id='word_1_359' title='bbox 859 3475 878 3520; x_wconf 85' lang='lat' dir='ltr'><strong>r.</strong></span> <span class='ocrx_word' id='word_1_360' title='bbox 906 3467 963 3529; x_wconf 71' lang='lat' dir='ltr'><strong>Uip.</strong></span> <span class='ocrx_word' id='word_1_361' title='bbox 980 3475 1019 3524; x_wconf 79' lang='lat' dir='ltr'><strong>ee,</strong></span> <span class='ocrx_word' id='word_1_362' title='bbox 1034 3475 1067 3516; x_wconf 80' lang='lat' dir='ltr'><strong>ie.</strong></span> <span class='ocrx_word' id='word_1_363' title='bbox 1085 3474 1110 3524; x_wconf 86' lang='grc'><strong>2,</strong></span> <span class='ocrx_word' id='word_1_364' title='bbox 1124 3474 1146 3516; x_wconf 77' lang='lat'><strong>⁷.</strong></span> 
     </span>
    </p>
   </div>
   <div class='ocr_carea' id='block_1_6' title="bbox 0 2999 3 3665">
    <p class='ocr_par' dir='ltr' id='par_1_12' title="bbox 0 2999 3 3665">
     <span class='ocr_line' id='line_1_40' title="bbox 0 2999 3 3665; baseline 0 0"><span class='ocrx_word' id='word_1_365' title='bbox 0 2999 3 3665; x_wconf 95' lang='lat' dir='ltr'><strong> </strong></span> 
     </span>
    </p>
   </div>
   <div class='ocr_carea' id='block_1_7' title="bbox 0 0 1324 3960">
    <p class='ocr_par' dir='ltr' id='par_1_13' title="bbox 0 0 1324 3960">
     <span class='ocr_line' id='line_1_41' title="bbox 0 0 1324 3960; baseline 0 0"><span class='ocrx_word' id='word_1_366' title='bbox 0 0 1324 3960; x_wconf 95' lang='lat' dir='ltr'><strong> </strong></span> 
     </span>
    </p>
   </div>
  </div>
 </body>
</html>
