2588 3954
533 160 684 200 vananrvs.
1070 149 1104 196 41

196 302 226 362 3.
254 303 393 360 ‘Paludati
408 306 436 359 in
452 302 527 360 libris
550 303 723 377 auguralibus
745 301 907 377 significat',
924 310 954 358 ut
974 304 1010 357 ait
1025 303 1106 358 Vera-

132 391 203 450 nius,
221 385 344 450 ‘armati
361 389 477 444 ornati’.
496 390 585 444 omnia
601 389 671 442 enim
687 388 810 443 militaria
825 395 980 444 ornamenta
995 387 1105 460 paluda-

131 481 226 528 menta
242 473 305 528 dici.
326 503 362 533 ,-
379 472 451 528 Vest.
470 492 493 528 v.
510 471 632 528 Paludati
646 489 674 545 p.
692 471 763 530 253.

344 640 593 708 Quaestionum
616 640 886 714 pontificalium.

193 755 225 816 3.
249 759 381 815 Veranius
405 761 475 816 enim
502 762 529 816 in
557 757 755 833 pontificalibus
783 757 985 832 quaestionibus
1014 759 1103 821 docet,

128 845 242 898 eximias
259 841 344 900 dictas
361 844 472 906 hostias,
489 861 558 917 quae
574 843 606 898 ad
618 842 777 900 sacrificium
790 843 937 900 destinatae
950 845 1104 899 eximuntur

128 944 143 982 e
166 945 271 1002 grege,
298 928 343 984 uel
371 929 445 1002 quod
467 929 562 984 eximia
582 929 672 1001 specie
694 929 770 1002 quasi
792 928 928 984 offerenda
949 927 1102 984 numinibus

129 1012 282 1084 eligantur.
302 1043 338 1052 -
355 1011 471 1069 llacrob.
489 1013 544 1067 Sat.
562 1012 590 1074 3,
606 1012 635 1068 5.
653 1013 681 1083 S.
700 1013 727 1069 6.

192 1091 223 1150 5.
247 1097 291 1150 Ait
314 1097 385 1151 enim
400 1097 532 1152 Veranius
553 1093 586 1150 de
607 1093 697 1152 uerbis
716 1092 950 1169 pontificalibusz¹
981 1093 1101 1151 ‘Felices

127 1177 243 1234 arbores
258 1186 389 1253 putantur
404 1197 464 1236 esse
480 1197 605 1254 quercus,
622 1181 759 1243 aesculus,
775 1181 843 1241 ilex,
860 1180 996 1241 suberies,
1013 1180 1101 1253 fagus,

127 1263 251 1336 corylus,
268 1263 375 1326 sorbus,
392 1262 458 1321 ficus
474 1265 539 1326 alba,
556 1266 641 1338 pirus,
658 1265 752 1327 malus,
769 1265 841 1329 uitis,
862 1281 974 1337 prunus,
991 1280 1101 1326 cornus,

125 1347 205 1402 lotus
215 1347 237 1402 '.
257 1379 294 1388 —
311 1347 426 1405 Macrob.
443 1349 499 1406 Sat.
517 1349 545 1411 3,
562 1348 611 1407 20.
629 1350 657 1422 S.
676 1350 704 1405 2.

193 1427 225 1488 6.
309 1434 380 1488 sicut
394 1431 525 1490 Veranius
546 1436 681 1507 exprimo
698 1433 768 1489 libro
783 1432 897 1489 Pictoris
914 1441 965 1488 etc.
986 1463 1022 1474 -
1039 1431 1098 1506 Vid.

125 1532 212 1588 supra
228 1516 306 1572 Num.
323 1515 432 1573 Fabium
447 1519 580 1575 Pictorem
597 1517 625 1572 2.

191 1596 220 1656 7.
244 1598 467 1660 ‘praesentaneo
487 1619 570 1676 porca
591 1601 715 1664 dicitur',
738 1611 767 1658 ut
787 1604 824 1657 alt
844 1601 987 1664 Veranius,
1016 1601 1100 1674 ’quae

127 1683 245 1740 familiae
259 1686 416 1758 purgandae
432 1704 512 1743 causa
527 1686 617 1742 Cereri
629 1687 791 1748 immolatur,
808 1686 880 1761 quod
895 1703 956 1760 pars
969 1685 1099 1759 quaedam
1172 1698 1175 1706 ’

127 1771 186 1823 eius
203 1767 328 1825 sacrificii
343 1769 373 1826 fit
387 1773 416 1827 in
437 1778 585 1844 conspectu
606 1773 707 1826 mortui
728 1773 800 1832 eius,
822 1772 898 1826 cuius
920 1771 1000 1826 lunus
1022 1771 1099 1825 insti-

126 1851 245 1908 tuitur'.
265 1883 302 1894 -
319 1853 392 1910 Vest.
409 1873 433 1911 v.
450 1855 645 1912 Praesentanea
660 1872 687 1928 p.
705 1855 777 1913 250.

191 1935 222 1993 8.
246 1936 398 2012 Prodiguae
413 1941 518 1996 hostiae
534 1948 679 2002 uocantur,
696 1947 727 1994 ut
742 1941 779 1996 ait
794 1939 932 2000 Veranius,
950 1955 1018 2012 quae
1033 1955 1098 1994 con-

125 2029 288 2083 sumuntur,
311 2022 382 2078 unde
403 2025 528 2081 homines
550 2040 658 2097 quoque
680 2023 811 2079 luxuriosi
831 2023 949 2097 prodigi.
969 2053 1005 2062 -
1023 2021 1096 2077 Vest.

123 2123 151 2160 v.
168 2105 323 2180 Prodiguae
338 2125 365 2180 p.
383 2107 454 2167 250.
789 2178 791 2184 y

191 2186 222 2246 9.
247 2191 397 2248 Ollendlces
414 2195 449 2248 ait
465 2208 526 2248 esse
542 2192 627 2247 'litius
648 2192 750 2254 nodos,
774 2188 871 2266 quibus
894 2207 961 2264 apen
981 2190 1098 2245 retinea-

124 2283 180 2329 tur.
220 2273 399 2331 dtVeranius
421 2276 521 2333 coriola
542 2277 690 2339 existimat,
713 2293 781 2349 quae
802 2277 903 2330 sintin
924 2275 990 2330 loris
1006 2275 1097 2348 apicis,

123 2357 227 2431 quibus
242 2375 310 2432 aper
326 2363 474 2416 retineatur
495 2368 522 2415 et
543 2363 709 2422 remittatur,
737 2377 806 2434 quae
827 2359 858 2414 ab
880 2358 1042 2415 offendendo
1058 2358 1098 2414 di-

123 2451 232 2498 centur.
255 2460 316 2498 nam
329 2462 411 2517 quom
424 2445 455 2500 ad
468 2453 589 2500 mentum
599 2453 761 2518 peruentum
778 2447 821 2506 sit,
839 2445 950 2501 oilendit
963 2450 1095 2499 mentum.

125 2557 164 2567 -
181 2526 258 2584 Fest.
275 2547 299 2582 v.
318 2528 466 2585 Oliendices
482 2547 508 2602 p.
527 2529 598 2589 205.

189 2623 239 2684 10.
266 2628 372 2685 Oletum
388 2638 494 2686 stercus
509 2631 664 2687 humanum.
696 2631 839 2686 Veranius:
861 2628 1052 2686 ‘Sacerdotula
1068 2630 1096 2684 in

121 2715 246 2768 sacrario
263 2712 376 2770 llartiali
392 2714 454 2770 iecit
471 2716 572 2770 oletum
580 2717 600 2770 '.
620 2745 657 2756 -
673 2714 748 2770 Paul.
766 2733 808 2788 ep.
825 2713 897 2770 Vest.
914 2731 941 2787 p.
960 2713 1030 2772 203.

191 2811 235 2870 11.
261 2809 395 2870 ‘Muries2
421 2815 490 2878 est',
518 2816 741 2890 quemadmodum
763 2817 891 2872 Veranius
919 2816 1012 2877 docet,
1039 2811 1096 2876 ‘ea

121 2915 193 2972 qnae
212 2896 242 2952 lit
258 2915 291 2952 er
306 2900 355 2954 sali
369 2900 488 2963 sordido,
504 2903 532 2956 in
547 2902 602 2974 pila
616 2902 705 2974 pisato
722 2909 749 2955 et
764 2903 791 2958 in
804 2895 888 2956 ¹ollam
905 2899 1014 2955 fictilem
1031 2916 1097 2955 con-

118 2985 195 3038 iecto
213 2981 305 3056 ibique
322 2993 418 3057 operto
434 2993 605 3059 gypsatoque
621 2993 649 3041 et
664 2978 692 3040 in
713 2985 794 3040 furno
814 2991 957 3058 percocto,
980 2985 1022 3039 cui
1043 2985 1096 3038 vir·

122 3069 203 3121 eines
219 3065 342 3123 Vestales
358 3085 432 3124 serra
447 3069 535 3126 ferrea
557 3077 631 3126 secto
654 3070 728 3125 etin
749 3071 845 3126 seriam
866 3071 1005 3130 coniecto,
1028 3085 1096 3141 quae

180 3152 258 3206 intus
274 3153 301 3206 in
317 3153 382 3208 aede
398 3154 494 3209 Vestae
509 3156 537 3210 in
558 3171 631 3228 penu
651 3155 800 3216 exteriore,
814 3171 917 3228 -aquam
937 3156 1029 3226 iugem
1051 3152 1094 3206 uel

177 3364 197 3430 ¹)
216 3367 270 3414 Vico
286 3375 333 3429 eat,
350 3375 378 3418 nt
394 3369 460 3418 oliuo
475 3369 515 3417 dic
528 3369 593 3419 liber
606 3369 689 3430 fuerit
702 3387 733 3432 uc
748 3371 909 3434 quaestiones
923 3367 1094 3430 pontificales.

172 3433 204 3496 if.
216 3449 295 3496 cupra
307 3435 378 3485 Num.
393 3433 497 3486 Fabium
510 3437 636 3487 Pictorem
649 3445 668 3488 8.
