2634 3960
322 180 437 215 nourrii
455 179 572 216 verram
591 179 694 244 penem.
715 168 814 218 xxviii.
833 169 926 220 8—13.
1058 171 1108 220 519

138 335 220 376 nemo
236 321 285 382 sit,
308 321 340 376 ad
365 337 445 394 quern
466 321 598 377 honorum
620 324 758 395 possessio
782 323 918 396 pertinere
939 324 1039 395 possit,
1062 333 1106 379 aut

136 406 175 460 sit
191 404 309 477 quiden,
326 405 374 462 sed
389 407 430 462 ius
447 423 526 462 suum
542 408 677 469 omiserit,
694 407 796 480 populo
812 406 882 462 hona
898 407 1059 463 deseruntur
1074 425 1106 463 ex

140 489 202 562 lege
216 487 282 544 iulia
297 489 445 546 caducario.
491 489 520 548 8.
545 482 694 546 ⁴⁷⁷Liheris
716 491 850 547 bonorum
872 493 1011 564 possessio
1028 493 1106 548 datur

138 581 194 628 tam
215 573 272 636 his,
297 575 343 648 qui
368 576 395 630 in
415 583 552 647 potestate
573 591 659 648 usque
686 576 714 630 in
736 577 831 632 mortis
851 583 959 648 tempus
985 575 1105 639 suerunt.

138 673 220 730 quam
242 659 427 732 emancipatis;
454 661 519 714 item
541 658 690 732 adoptiuis,
718 667 882 716 nontamen
904 661 982 716 etiam
1007 662 1035 716 in
1060 661 1105 716 ad·

135 743 279 814 optionem
294 743 372 800 datis.
417 740 446 799 9.
472 737 609 800 8Proximi
625 745 734 816 cognati
754 742 888 800 bonorum
903 747 1104 817 possessionem

138 827 274 898 accipiunt
300 843 356 884 non
376 827 464 883 solum
492 844 541 900 per
562 827 683 883 feminini
709 844 789 884 sexus
816 844 959 901 personam
985 831 1102 903 cognati,

136 910 187 965 sed
213 911 293 966 etiam
320 913 411 985 agnati
435 913 523 984 eapite
543 911 679 966 diminuti:
707 928 768 968 nam
795 912 858 968 lieet
883 912 1037 986 legitimum
1061 915 1104 970 ius

137 995 290 1068 agnationis
303 997 399 1068 eapitis
420 996 571 1051 minutione
593 997 744 1059 amiserint,
767 1004 864 1052 natura
883 1005 973 1052 tamen
995 999 1105 1071 cognati

137 1086 257 1134 manent.
984 1083 988 1090 '

200 1176 246 1236 10.
271 1173 427 1236 ⁰Bonorum
442 1181 580 1254 possessio
601 1180 681 1235 datur
696 1180 852 1253 parentibus
868 1190 896 1236 et
917 1181 1009 1236 liberis
1031 1184 1103 1238 intra

10 1269 12 1278 “
94 1271 97 1278 ’
135 1281 251 1326 annum,
268 1281 300 1320 er
322 1281 377 1338 quo
392 1272 485 1337 petere
500 1272 666 1337 potuerunt3
689 1266 787 1320 ceteris
807 1265 878 1320 intra
900 1274 1010 1323 eentum
1032 1266 1099 1322 dies.

138 1346 181 1404 11.
206 1341 303 1416 ⁴³⁰Qui
324 1365 418 1404 omnes
438 1350 506 1404 intra
529 1348 555 1403 id
578 1356 684 1421 tempus
705 1351 727 1404 si
748 1366 804 1404 non
819 1350 946 1423 petierint
967 1350 1101 1406 bonorum

136 1434 350 1505 possessionem,
378 1449 495 1506 sequens
517 1432 618 1506 gradus
638 1433 803 1496 admittitur,
828 1434 942 1507 perinde
970 1443 1052 1509 atque
1079 1438 1102 1490 si

135 1519 292 1589 superiores
308 1534 364 1573 non
381 1509 385 1595 Ι
403 1524 507 1580 essent;
523 1516 605 1590 idque
620 1533 669 1589 per
684 1525 788 1590 septem
804 1517 904 1593 gradus
921 1516 960 1574 fit.
1108 1525 1203 1594 totap

202 1615 247 1675 12.
273 1613 339 1682 ¹Hi‚
357 1617 453 1691 quibus
470 1633 502 1672 ex
516 1620 685 1674 successorio
704 1619 793 1674 edicto
810 1618 944 1674 honorum
964 1622 1102 1694 possessio

135 1701 225 1766 datur,
241 1703 356 1758 heredes
373 1702 482 1775 quidem
498 1719 553 1757 non
569 1710 641 1766 sunt,
658 1702 706 1758 sed
721 1701 828 1758 heredis
849 1702 910 1759 loeo
932 1706 1103 1761 constituun-

137 1794 182 1840 tur
196 1785 328 1842 beneficio
343 1787 486 1860 praetoris.
525 1785 642 1859 ideoque
665 1803 713 1841 seu
734 1788 786 1860 ipsi
807 1794 903 1859 agant,
919 1803 968 1842 seu
984 1803 1044 1843 eum
1061 1789 1101 1846 iris

134 1877 246 1942 agatur,
268 1869 371 1926 ficticiis
393 1870 543 1926 actionibus
566 1888 634 1944 opus
657 1879 712 1932 est,
739 1872 765 1926 in
788 1869 886 1943 quibus
907 1870 1020 1926 heredes
1042 1889 1101 1927 esse
1132 1869 1137 1879 '

137 1951 288 2026 finguntur.

201 2052 246 2111 13.
271 2047 425 2109 ²Bonornm
445 2057 584 2129 possessio
606 2064 651 2111 aut
673 2073 737 2112 eum
758 2055 895 2117 rodatur,
918 2064 963 2111 aut
985 2058 1042 2112 sine
1057 2074 1100 2112 re:

135 2155 200 2194 eum
215 2155 253 2202 re,
270 2139 350 2194 'eum
365 2139 396 2201 is,
414 2140 459 2212 qui
475 2141 580 2214 accipit,
596 2138 725 2212 (occipit)
741 2157 801 2195 ourn
818 2139 927 2204 effectu,
945 2133 1016 2212 (ui)³
1030 2139 1101 2196 hena

134 2224 264 2288 retineam
289 2223 348 2278 sine
369 2238 412 2286 re,
435 2240 495 2278 oum
516 2225 583 2280 alius
605 2225 664 2280 iure
684 2225 758 2280 ciuili
778 2226 904 2280 euincere
925 2223 1101 2280 hereditatem

136 2392 224 2446 sessio
241 2393 300 2447 sine
315 2408 345 2446 re
361 2389 439 2463 (est),
457 2393 583 2464 quoniam
599 2388 759 2464 ’scriptust
783 2393 860 2450 heres
876 2393 1002 2450 euincere
1024 2393 1101 2450 here·

135 2473 248 2528 ditatem
262 2476 322 2530 iure
337 2473 460 2546 legitimo
476 2471 598 2548 potest.⁵

135 2706 181 2754 dee
199 2704 230 2753 tt.
250 2704 293 2753 tt’
309 2721 337 2768 p.
356 2713 388 2754 77.
440 2701 486 2768 ΛΠ7)
506 2705 547 2768 Cf.
568 2706 622 2756 Gai.
640 2716 659 2765 3,
677 2717 711 2756 tt.
739 2709 771 2760 L.
784 2719 803 2758 1.
823 2707 853 2772 3.
870 2719 890 2760 2.
908 2710 943 2758 D.
961 2713 1017 2774 quis
1034 2713 1100 2761 ordo

135 2771 184 2830 (aa,
205 2769 249 2836 15).
277 2772 309 2822 L.
329 2781 348 2822 1.
368 2771 395 2836 s.
415 2781 436 2826 e,
463 2773 495 2822 L.
514 2783 534 2824 a.
553 2782 573 2823 s.
598 2775 632 2823 D.
650 2777 674 2824 st
696 2775 746 2828 tab.
767 2783 824 2827 teat.
843 2775 892 2838 (aa,
911 2777 942 2835 a).
1018 2776 1038 2836 8)
1058 2778 1098 2839 Cf.

135 2838 192 2890 Gai.
212 2847 233 2900 3,
252 2848 285 2890 27.
304 2848 337 2888 30.
407 2837 429 2902 ο)
451 2841 489 2904 Cf.
508 2841 535 2904 8.
553 2851 575 2894 t.
592 2841 616 2890 Ι.
636 2844 668 2892 de
687 2844 744 2894 bon.
761 2858 831 2907 poss.
852 2841 883 2904 (3,
901 2841 934 2906 9).
993 2840 1036 2906 ⁴³⁰)
1059 2844 1098 2905 Cf.

134 2903 162 2968 3.
182 2915 201 2954 a.
220 2906 245 2955 Ι.
263 2907 297 2955 ib.
367 2905 387 2969 ¹)
407 2907 447 2971 Cf,
469 2910 524 2962 Gai.
543 2919 563 2967 a,
583 2917 615 2958 aa.
635 2919 670 2959 so.
689 2919 709 2966 a,
727 2919 759 2959 at.
829 2908 850 2972 ²)
871 2909 910 2972 Cf.
931 2910 1023 2969 Gaio,
1039 2918 1097 2961 151³.

133 2981 153 3028 3,
173 2981 267 3026 35-37.
283 2989 364 3039 supra
382 2984 420 3038 2³,
439 2985 460 3029 6.
482 2987 520 3036 26,
539 2986 559 3026 8.
630 2975 650 3039 ³)
671 2979 709 3042 qui
729 2979 833 3041 aceepit,
852 2993 905 3026 eum
925 2980 1007 3027 etiectu
1030 2978 1097 3038 Vat.‚

133 3040 221 3103 quibus
239 3043 299 3094 edd.
316 3045 462 3107 praefigunt
479 3047 548 3101 ‘si';
567 3047 615 3094 sed
631 3050 652 3093 e'
674 3044 749 3109 (crim)
769 3047 866 3095 excidit
884 3045 914 3096 ob
935 3048 1098 3110 praecedens

134 3121 178 3159 re.
248 3106 269 3172 ⁴)
291 3110 330 3172 Cf.
352 3110 409 3160 Gai.
423 3121 444 3174 3,
463 3121 496 3161 36.
524 3127 580 3162 auos
599 3110 694 3174 (netum
709 3120 774 3176 preto
792 3129 827 3162 em
844 3110 931 3177 sedus)
955 3114 1096 3176 Vat.edd.,

133 3190 164 3224 ne
181 3181 253 3226 reeta
273 3179 370 3240 quidem
387 3181 528 3236 sententia:
546 3196 603 3228 nem
620 3182 645 3228 si
660 3195 720 3230 seue
738 3183 777 3230 vel
794 3182 966 3245 emancipatos
984 3183 1100 3230 intestati

132 3241 188 3293 don.
205 3247 392 3305 possessionem
409 3249 517 3311 aceepit,
537 3263 568 3296 ea
585 3247 643 3300 bon.
663 3249 802 3312 possessio,
822 3250 871 3297 etsi
887 3263 946 3297 seue
964 3247 1096 3303 harescit,

132 3309 186 3356 sine
204 3323 233 3357 re
252 3312 304 3359 dici
319 3327 369 3361 non
385 3321 480 3376 potest.
541 3311 562 3374 5)
582 3317 657 3377 possit
678 3316 738 3366 Vat.
756 3316 814 3364 edd.
840 3315 909 3364 Puta
923 3314 1005 3376 feisse
1022 3329 1037 3378 p
1053 3312 1097 3377 (=

133 3374 234 3438 potest),
254 3378 294 3425 eoi
311 3393 364 3425 eum
383 3380 502 3430 librarius
520 3382 665 3432 addidisset
682 3384 725 3437 sit,
744 3383 813 3446 quod
831 3390 893 3445 post
915 3382 985 3430 ueluti
1004 3382 1036 3440 si,
1055 3381 1099 3430 ubi

132 3443 237 3498 excidit,
256 3446 416 3505 restituimus,
432 3448 642 3511 perscribendum
661 3457 718 3499 erat
735 3451 818 3513 possit.
