2634 3960
447 173 561 207 ocurrer
580 171 697 207 ruerunt
717 172 790 206 ruer.
811 174 874 208 nnn.
924 199 926 201 .
1097 161 1146 208 525

176 307 366 360 demonstrare
386 313 501 360 conatus
521 315 574 371 est,
595 311 629 358 ab
648 308 814 359 Endlicharo
832 310 1003 374 propositum
1026 311 1079 360 hoc
1104 316 1146 360 ssi

178 376 318 425 inversum
349 377 445 426 harum
472 377 636 428 lacinierum
668 377 988 450 ordinemffiervandum
1015 393 1089 440 esse,
1118 377 1145 426 id

180 443 247 492 mihi
266 459 321 492 non
338 446 486 509 persuasit.

545 583 780 592 ——.-...-—..-—

389 731 567 792 VLPIANI
589 731 937 792 INSTITVTIONVM

523 847 635 898 LIBER
653 848 797 898 PRIMVS.

617 1005 665 1044 FB.
682 1003 704 1042 1.

243 1087 268 1144 1.
297 1088 319 1143 '.
336 1131 342 1143 .
357 1093 535 1146 restitutoriu
562 1095 589 1144 et
615 1089 788 1144 exhibitoria
813 1080 986 1144 interdicta¹
1015 1095 1066 1144 aut
1089 1091 1246 1160 personui.

176 1175 334 1246 formulam
349 1172 515 1228 arbitrariam
536 1172 718 1244 explicantur,
735 1180 780 1226 aut
801 1189 850 1245 por
864 1173 1053 1244 sponsionem
1080 1191 1144 1246 pro·
1157 1159 1236 1209 ⁰⁰¹·1·

180 1257 308 1312 hibitoria
323 1273 390 1312 uero
406 1249 534 1330 semper²
555 1273 605 1328 per
625 1257 798 1329 sponsionem
820 1256 997 1328 explicantur.
1042 1251 1069 1313 2.
1094 1256 1145 1312 lle·

181 1341 322 1395 stitutorio
339 1341 383 1394 uel
400 1341 562 1397 exhibitorio
577 1341 722 1396 interdicto
734 1339 850 1403 reddito,
864 1339 995 1414 siquidem
1006 1339 1144 1396 arbitrium

180 1423 361 1498 postulauerit
376 1425 414 1487 is,
431 1442 490 1480 curn
507 1441 562 1498 quo
579 1426 683 1498 agitur,
701 1424 843 1480 formulam
860 1426 955 1498 accipit
971 1423 1144 1487 arbitrariam,

180 1525 230 1582 per
245 1525 325 1581 quern
341 1507 454 1571 arbiter,
472 1503 476 1585 Ι
494 1509 566 1564 'nisi
580 1511 701 1566 arbitrio
724 1513 785 1565 eius
801 1513 974 1566 restituatur
994 1511 1042 1564 uel
1063 1511 1143 1566 eubi-

181 1595 294 1663 beatm,
312 1596 413 1665 quanti
426 1609 461 1648 eu
478 1609 526 1648 res
541 1597 584 1662 sit,
603 1595 797 1650 condemnare
813 1609 876 1650 eum
891 1586 1033 1650 iubetur.³
1122 1615 1128 1626 ·

461 1690 512 1747 [Vix
530 1691 629 1740 dimidia
648 1693 757 1741 columna
776 1693 865 1755 periit]

611 1811 660 1851 rs.
677 1811 711 1850 11.

244 1895 269 1952 1.
293 1889 482 1952 ‘'Preceriurn
498 1902 548 1966 est,
566 1897 641 1967 quod
650 1899 791 1966 precibus
802 1901 914 1967 petenti
927 1899 1062 1952 utendum
1078 1913 1144 1953 eon-

180 1982 293 2036 ceditur
308 1979 429 2048 tamdiu,
448 1983 582 2052 quamdiu
601 1983 641 2044 is,
665 1983 716 2052 qui
735 1985 889 2050 concessit,
908 1983 1032 2050 potitur.
1071 1984 1148 2054 quod

179 2079 270 2136 penus
284 2057 486 2118 liberalitatis⁵
502 2079 541 2119 ecc
555 2067 619 2120 iure
639 2068 764 2136 nentium
785 2067 941 2120 descendit.
974 2071 1001 2118 et
1021 2067 1143 2120 distata

178 2151 332 2204 donatione
348 2162 394 2216 eo,
412 2149 488 2218 quod
502 2152 551 2219 qui
563 2151 665 2217 donat,
684 2152 725 2204 sic
747 2151 810 2218 dut,
834 2165 870 2204 ne
886 2152 1025 2219 recipiat,·
1046 2157 1076 2204 at
1097 2153 1147 2220 qui
1219 2195 1221 2202 .

176 2234 316 2304 precario
330 2234 467 2301 concedit,
484 2235 526 2286 sic
541 2234 605 2302 dat,
623 2236 708 2304 quusi
722 2239 790 2288 tunc
806 2239 992 2303 recepturus,
1011 2249 1074 2288 cum
1091 2235 1145 2288 sibi

179 2318 294 2374 libuerat
304 2319 478 2388 precarium
493 2320 617 2374 soluere.
656 2325 683 2372 et
699 2324 742 2372 est
757 2320 848 2373 simite
865 2319 1054 2373 commodato:
1076 2335 1143 2372 nom

179 2407 207 2454 et
222 2404 271 2471 qui
285 2402 443 2456 commodat
458 2417 527 2470 rem,
545 2405 587 2457 sic
604 2402 769 2470 commodat,
787 2407 818 2456 ut
833 2418 890 2457 non
903 2401 1001 2472 faciut
1018 2417 1078 2456 rem
1095 2417 1144 2456 uc-

180 2487 321 2554 cipientis,
339 2487 391 2540 sed
404 2491 436 2540 ut
451 2489 478 2538 ei
491 2478 540 2562 uili
555 2501 584 2540 re
600 2485 768 2541 commodata
783 2486 931 2558 permittet.
1147 2501 1240 2551 totta

242 2562 270 2621 2.
294 2566 423 2622 Luceium
445 2584 554 2640 quoque
578 2576 604 2624 et
625 2568 789 2624 conductum
816 2571 856 2624 ius
883 2571 1006 2643 gentium
1028 2569 1142 2624 induxit.
1158 2569 1235 2618 col-2.

180 2666 242 2706 nam
264 2667 296 2705 er
318 2667 372 2722 quo
394 2652 532 2722 coepimus
557 2653 745 2724 possessiones
767 2655 890 2726 proprius
919 2662 946 2708 et
973 2669 1016 2708 res
1038 2652 1145 2714 hebere,

179 2741 207 2790 et
228 2733 333 2790 locandi
355 2728 529 2806 ¹(nostras)⁶
550 2737 591 2789 ius
613 2739 703 2791 nancti
723 2754 831 2800 sumus,
862 2745 889 2792 et
912 2729 1080 2792 conducendi
1101 2753 1144 2791 res

248 2897 267 2961 ¹)
292 2899 338 2948 Ad
354 2913 453 2948 sensum
470 2900 593 2962 suppleat.
631 2899 670 2960 Cf.
692 2900 747 2952 Gai.
765 2909 790 2959 l,
810 2910 855 2954 141.
891 2901 1015 2950 Fortasse
1037 2916 1146 2964 praece-

176 2967 269 3016 debat:
288 2966 374 3027 ‘Quod
390 2975 472 3014 autem
496 2968 532 3016 ad
547 2967 615 3016 illum
632 2967 806 3030 differentium
828 2969 932 3026 attinet,
957 2969 1044 3034 quod.
1060 3003 1066 3016 .
1081 2971 1100 3018 .’
1119 2975 1146 3016 ut

180 3041 255 3083 totum
272 3035 319 3083 boc
335 3035 504 3100 fragmentum
527 3049 578 3082 una
599 3035 708 3097 periodo
730 3037 934 3098 comprehensum
957 3037 1051 3098 fuerit,
1076 3037 1145 3085 cuius

180 3101 304 3162 epodosin
322 3101 350 3164 S.
369 3111 389 3154 t.
408 3102 546 3151 contineat.
619 3099 641 3164 ²)
660 3101 706 3151 En
724 3103 840 3166 Rndorfii
857 3105 892 3165 ej.
924 3119 1018 3166 semper
1036 3103 1144 3168 prohibi-

177 3169 241 3215 toria
262 3183 317 3216 uero
341 3169 386 3220 Od.
411 3171 451 3222 ed.
473 3169 524 3234 Bp.
558 3168 672 3234 Sequens
695 3185 737 3234 per
759 3172 785 3218 in
807 3185 886 3220 causa
910 3172 974 3233 snit,
1002 3177 1029 3220 ut
1052 3186 1145 3234 semper

180 3235 345 3302 omitteretur,
358 3237 450 3286 deinde
462 3239 498 3286 ad
508 3238 643 3300 marpinem
655 3241 796 3301 suppletum
809 3245 1028 3300 transponeretur.
1066 3236 1086 3300 ³)
1100 3238 1147 3286 Ad

176 3303 329 3350 sententiam
346 3305 468 3366 supplevi.
498 3304 537 3364 Cf.
560 3304 788 3362 Gai.l,162.163.
857 3302 878 3366 ⁴)
898 3304 948 3353 Est
966 3305 1000 3354 L.
1020 3313 1039 3354 l.
1060 3305 1092 3356 D.
1113 3307 1144 3352 de

177 3383 283 3430 precer.
303 3365 346 3430 (43.
366 3369 409 3430 26).
474 3367 495 3432 ἢ>
516 3371 640 3434 Ulpianus
657 3373 851 3428 addiderat,·nt
869 3373 968 3435 opinor,
988 3375 1024 3420 ‘et
1041 3372 1143 3434 ipsum'.

180 3435 267 3484 Antea
284 3450 344 3484 uero
363 3437 395 3484 de
412 3438 548 3488 donatione
568 3439 720 3488 disseruisse
738 3441 845 3489 uidetur.
915 3437 937 3500 ὅ)
956 3437 1088 3502 Suppleei.
