2634 3966
212 173 245 222 78
617 183 641 218 r.
661 183 772 218 nmero.

212 328 308 400 inquit,
325 323 369 380 <et
386 334 481 398 atypus
498 327 591 380 uitiosi
606 326 708 398 magis,
732 341 812 396 apuam
828 323 948 380 morbosi
963 333 1036 387 sunt,
1054 333 1081 380 et
1097 342 1184 398 equus

214 411 323 466 mordax
347 419 392 465 aut
419 409 527 464 calcitro
555 410 687 471 uitiosus,
717 425 772 478 non
798 407 942 463 morbosus
969 409 1019 463 estss
1066 409 1118 464 Sed
1142 413 1193 468 eui,

214 495 322 550 morbus
340 503 394 555 est,
411 494 481 549 idem
498 495 577 548 etiam
593 495 708 548 uitiosus
726 502 776 547 est.
816 493 908 565 Neque
931 493 957 549 id
977 501 1066 548 tamen
1089 502 1184 548 eontra

214 580 256 642 lit;
273 573 365 652 potest
382 580 460 640 enim,
479 579 524 651 qui
540 579 656 632 uitiosus
674 585 729 638 est,
747 594 803 631 non
819 576 962 639 morbosus
985 594 1054 632 esse.
1087 576 1184 644 Quam-

214 664 304 718 obrem
321 678 382 718 cum
396 662 430 716 tle
447 663 555 716 bomine
571 660 700 717 morboso
717 669 830 734 egetur,
849 654 993 734 ’aeque'‚¹
1012 663 1112 734 inquit,
1130 658 1184 718 ‘ita

214 748 331 802 dicetur:
364 745 520 810 ’'ovnuro
544 761 583 802 on
605 761 639 800 11)
656 761 768 802 vmrvu
789 759 918 802 umerus
941 744 1032 802 srr''.
1053 776 1089 786 -
1115 746 1182 800 Geli.

127 857 131 864 ‚
213 831 283 892 te.
303 831 350 901 ss.
369 831 461 886 3—5.

275 943 302 1003 2.
326 940 466 1002 ²Pilleatos
489 953 704 1001 seruos'uenum
726 947 821 1002 solitos
850 949 902 1009 ire,
933 961 1055 1019 qumum
1075 949 1183 1002 nomine
1223 954 1230 974 l

215 1032 339 1086 uembtor
354 1031 419 1086 nihil
436 1038 591 1102 praestaret,
609 1030 713 1085 Caelius
730 1029 843 1086 Sabinus
859 1032 1031 1103 iurisperitus
1052 1033 1183 1102 seriptum
1238 1055 1239 1062 ¹

212 1116 332 1187 reliquit.
361 1115 441 1169 Cuius
458 1117 497 1170 rei
512 1131 618 1170 eausam
634 1131 695 1169 esse
711 1116 760 1176 ait,
778 1115 852 1187 quod
869 1115 1001 1170 eiusmodi
1018 1114 1182 1170 conditionis

212 1201 341 1272 mancipia
363 1201 480 1272 insignia
501 1215 560 1253 esse
581 1201 607 1254 in
624 1197 770 1253 uendundo
787 1198 925 1262 deberent,
945 1207 973 1253 ut
989 1206 1123 1272 emptores
1140 1215 1183 1254 er-

212 1301 270 1338 rare
286 1291 313 1338 et
329 1285 386 1356 capi
402 1298 457 1338 non
472 1291 593 1356 possent,
611 1299 699 1355 neque
715 1283 757 1337 lex
773 1283 909 1337 uendendi
924 1283 1087 1355 opperienda
1099 1292 1181 1344 esset,

195 1362 259 1423 ‘sed
275 1367 359 1423 oeulis
375 1369 427 1422 iam
439 1369 633 1440 praeciperent,
648 1367 774 1438 quidnam
782 1359 859 1422 'esset
871 1369 1063 1439 inaneipiorum
1076 1383 1161 1440 genus
1175 1386 1180 1428 ;

212 1449 325 1506 ‘sicuti'
346 1453 442 1523 inquit,
466 1450 634 1523 ’antiquitus
656 1451 786 1523 mancipia
809 1453 868 1505 iure
889 1450 952 1506 belli
975 1459 1051 1524 capta
1072 1453 1182 1506 coronis

211 1536 304 1590 induta
319 1533 462 1611 ueniebant
478 1543 506 1588 et
521 1534 621 1590 ideireo
638 1534 797 1590 dicebantur
808 1534 858 1589 sub
871 1552 972 1591 corona
983 1537 1084 1590 uenire.
1103 1535 1181 1588 Nani-

212 1636 263 1691 que
279 1627 310 1673 ut
325 1635 354 1673 ea
370 1635 472 1673 eorona
487 1619 595 1691 siguum
612 1627 668 1673 erat
684 1621 853 1692 captiuorum
870 1619 1013 1682 uenalium,
1030 1621 1066 1674 ita
1081 1618 1180 1692 pilleus

212 1705 353 1775 impositus
374 1701 589 1764 demonstrabat,
613 1702 744 1757 eiusmodi
766 1720 861 1758 seruos
878 1704 1042 1766 nenundari,
1066 1720 1180 1776 quorum

211 1789 319 1842 nomine
335 1787 451 1858 emptori
468 1787 595 1841 uenditor
610 1787 676 1841 nibil
699 1789 875 1859 praestaret’,
903 1819 939 1827 -
962 1788 1030 1842 Geli.
1049 1789 1066 1844 6
1084 1785 1132 1858 (7),
1150 1791 1178 1841 l.

212 1871 258 1943 bb·
279 1871 370 1936 1-43.
506 1868 508 1876 ‘
704 1891 707 1898 ·
1082 1873 1085 1878 ’

522 2089 560 2146 Τ.
603 2086 862 2146 ARISTO

555 2202 608 2266 (sub
622 2205 679 2268 imp.
693 2201 833 2266 Traiano).¹

274 2343 298 2398 1.
322 2343 351 2396 lrl
368 2345 448 2398 etiarn
470 2343 578 2396 memini
599 2342 691 2415 legere
713 2359 754 2396 me
776 2343 804 2397 in
820 2341 889 2397 libro
905 2343 1038 2396 Aristonis
1054 2344 1180 2397 iurecon-

210 2426 283 2488 sulti,
301 2426 508 2498 haudquaquam
524 2415 628 2480 indocti
646 2427 705 2488 uiri,
723 2427 794 2498 apuu
811 2434 915 2480 ueteres
929 2427 1086 2498 Aegyptios
1105 2428 1178 2498 quoti

211 2527 296 2581 genus
313 2510 453 2587 bominum
469 2517 575 2565 constat
592 2511 661 2564 etin
678 2508 779 2564 artibus
796 2509 979 2583 repperiendis
996 2509 1121 2564 sollertes
1134 2527 1179 2565 en·-

211 2595 296 2648 titisse
318 2601 345 2648 et
367 2595 393 2647 in
416 2595 572 2667 cognitione
599 2611 688 2648 rerum
715 2594 928 2667 irulagandarum
953 2609 1078 2666 sagaces
1106 2595 1179 2649 furta

211 2679 298 2732 omnia
314 2677 398 2732 luisse
414 2677 486 2732 licita
502 2686 528 2732 et
544 2679 691 2750 inpoenita.
713 2708 748 2717 -
766 2678 833 2733 Gell.
853 2680 900 2741 11,
920 2680 967 2736 18.
986 2678 1013 2749 S.
1033 2679 1080 2736 16.

210 2843 410 2850 ..ῳ-*ᾑ-

261 2957 279 3020 ¹)
297 2957 415 3022 Seripei;
433 2975 507 3022 neque
527 2960 589 3011 oud.
603 2963 642 3009 etl.
657 2961 764 3017 Hertz„
783 2963 852 3024 qood
867 2975 956 3012 senso-s
973 2963 1022 3010 loei
1036 2961 1111 3022 ferre
1129 2977 1178 3009 oon

209 3027 320 3076 uidetur:
333 3040 433 3088 nequam
447 3025 496 3089 (nel
508 3025 664 3090 nequaquam)
679 3029 731 3078 olii.
753 3029 795 3076 An
808 3043 881 3091 aeque
894 3036 926 3076 tm
940 3025 1057 3090 (tamenlt
1083 3025 1103 3088 ²)
1122 3028 1147 3076 V
1148 3029 1180 3076 1¹ae

208 3092 382 3150 dealbandum,
396 3096 455 3158 quin
470 3095 562 3144 Gellius
580 3096 643 3144 bueo
660 3109 695 3144 em
712 3097 799 3144 eodem
817 3095 882 3144 libro
899 3096 1023 3144 evannerit.
1056 3093 1095 3154 Cf.
1112 3095 1176 3142 Zim-

208 3176 276 3209 mern
289 3161 346 3209 bist.
360 3162 407 3209 ior.
422 3161 492 3211 Rem.
510 3161 537 3211 Τ.
551 3164 569 3210 l.
584 3159 610 3224 3
624 3171 656 3215 87.
670 3168 722 3212 not.
736 3171 757 3210 o.

260 3259 279 3324 ¹)
302 3261 361 3311 Vid.
379 3267 418 3311 eet
434 3236 466 3311 ile
488 3262 539 3315 boe„
552 3262 610 3312 lota,
631 3263 696 3312 Iost.
711 3261 845 3311 Ensebede'
866 3265 898 3311 de
918 3263 950 3312 T.
971 3264 1094 3312 Aristone
1112 3261 1179 3312 loco

209 3330 277 3380 Iloua
292 3330 324 3378 L.
338 3328 371 3378 B.
386 3336 443 3379 1829.
462 3337 482 3380 4.
827 3333 830 3340 “
