2634 3966
185 181 233 230 108
481 193 667 228 os111usa1r.
688 181 704 228 t.
725 181 850 229 32-320.

184 334 337 406 ipiseendoe
354 336 469 390 ciuitatis
486 333 619 389 Romanae
641 335 744 388 etiamsi
766 336 817 390 soti
839 335 955 389 minores
979 335 1092 408 triginta
1108 354 1158 392 aa·

184 434 281 474 aarum
299 420 454 474 manumissi
470 426 497 473 et
511 419 598 473 Latini
610 418 673 474 iacti
686 435 717 473 ex
729 418 791 492 lege
803 418 877 474 Aelia
889 418 980 474 Sentio
992 419 1155 484 hahuerunt,

184 510 273 558 tanuen
288 512 384 576 postea
399 503 652 566 senatusconsulto,
671 502 744 575 quod
759 503 863 576 Pegaso
879 511 907 558 et
921 503 1039 559 Pusione
1055 522 1157 560 eonsu-

184 587 254 644 libas
270 587 369 644 iactum
385 595 435 650 est,
453 595 480 642 et
496 587 640 643 maioribus
657 588 769 661 triginta
781 589 1094 644 annorummanumissis
1106 589 1156 644 La·

187 674 249 727 tinis
279 673 361 740 iactis¹
387 688 546 728 eoncessum
574 679 625 728 est.
670 667 719 728 32.
744 671 868 727 Ceterum
895 674 999 727 etiamsi
1026 681 1088 728 ante
1108 676 1160 729 de«

185 759 300 814 cesserit
315 755 441 820 Latinus,
457 775 543 829 quam
559 758 682 813 anniculi
699 756 759 828 fllii
778 773 884 812 causam
906 756 1040 830 probarit,
1063 765 1155 830 potest

144 846 169 896 8.
187 849 272 896 mater
288 842 347 896 eius
364 857 469 896 eausam
486 842 615 914 probare,
638 849 666 896 et
680 843 722 897 sic
743 849 770 896 et
785 843 843 914 ipso
859 839 906 896 fiet
922 835 926 918 i
944 843 1009 896 ciuis
1025 840 1159 898 Romana.

184 925 227 980 'et
241 927 328 999 filias,
346 930 428 998 isque
444 942 476 983 eo
492 930 616 998 amplius
628 927 751 996 perinde
767 942 803 980 ac
819 929 845 982 si
855 929 936 982 iustis
947 933 952 987 Ι
965 927 1067 1000 nuptiis
1080 933 1158 982 esset

181 1017 373 1081 procreatus,
397 1015 482 1084 quasi
502 1027 574 1067 suus
591 1017 742 1081 postumus
761 1012 849 1066 ireres
859 1015 957 1082 patris
972 1013 1046 1067 bonu
1063 1018 1068 1072 Ι
1084 1011 1154 1083 apis-

184 1099 269 1150 citur.
300 1098 327 1150 si
347 1111 418 1151 uero
440 1102 468 1151 et
483 1101 573 1166 pater
594 1101 622 1150 et
642 1103 736 1150 mater
755 1096 947 1164 decesserint,
966 1103 970 1156 t
992 1096 1049 1167 ipse
1071 1093 1159 1158 filius.

183 1180 259 1235 cuius
276 1183 396 1235 interest
419 1196 483 1235 euna
505 1183 624 1234 ciuitate
639 1179 772 1234 Romanu
789 1180 863 1234 bona
880 1195 978 1236 eorum
993 1181 1129 1249 obtinere,
1149 1187 1160 1241 i

183 1263 264 1319 debet
280 1279 386 1318 eausam
400 1263 524 1337 probare,
539 1272 568 1319 ut
580 1269 674 1318 iumen
687 1265 844 1333 impuberis
856 1270 933 1320 tutor
944 1279 1064 1319 causam
1074 1270 1153 1336 apat.

183 1343 245 1405 32³,
271 1349 330 1404 Sed
344 1347 517 1411 uidebimus,
541 1347 574 1403 de
590 1345 645 1402 filio
661 1347 786 1402 anniculo
807 1365 882 1420 quae
903 1350 1088 1410 diximusne
1105 1364 1153 1404 eu-

184 1435 247 1488 dem
259 1424 776 1505 detfilia-anniculadicendosini.³⁰
813 1425 896 1490 32¹³.1
915 1463 1144 1472 -----
1149 1441 1160 1494 i

400 1535 440 1571 vv.
457 1517 570 1573 8-10.
718 1591 719 1594 Ἴ
803 1522 829 1573 si
843 1521 1110 1580 seruustaIterius
1124 1522 1155 1574 in
1237 1531 1242 1542 ’

185 1603 279 1671 bonis,
297 1604 420 1658 alterius
435 1617 474 1657 ecc
489 1605 553 1656 iure
569 1602 720 1669 Quiritium
736 1605 784 1671 sit,
808 1618 884 1658 unus
900 1618 939 1658 ecc
956 1601 1028 1663 tiliis
1044 1604 1156 1658 duobus

184 1685 299 1741 dominis
319 1680 481 1741 tiberialem
503 1689 564 1742 eius
583 1689 716 1755 incoare,
740 1689 816 1742 alter
837 1685 981 1759 eamtplere
1002 1703 1051 1759 per
1065 1691 1156 1742 itera·

184 1773 288 1826 tionem
307 1774 412 1841 potest.
463 1766 525 1827 320.
549 1769 708 1826 'Praeterea
730 1775 825 1843 quiuis
843 1772 965 1828 Latinas
980 1773 1025 1826 ius
1042 1779 1046 1831 Ι
1062 1769 1155 1837 Quiri-

184 1855 253 1909 tium
275 1859 469 1927 consequitur,
491 1857 514 1909 si
535 1871 631 1910 nouem
647 1857 745 1912 decem
759 1859 866 1912 mitium
880 1856 1037 1910 modiorum
1050 1856 1157 1926 fabri-i

185 1942 290 1995 canerit
305 1939 348 1995 uel
365 1943 450 1996 ctiam
466 1941 534 1996 olias
552 1944 722 2014 quaesiuerit
737 1947 764 1996 et
779 1957 834 1997 senc
846 1943 930 1996 annis
942 1954 977 1995 en
990 1945 1064 2010 ipsa,
1080 1938 1156 2002 tuelr

185 2039 216 2078 ea
230 2026 351 2096 perdita,
370 2027 437 2094 alia,
456 2040 535 2097 quam
546 2027 573 2081 in
585 2027 642 2080 eius
655 2025 747 2082 locum
759 2027 949 2096 comparauit,
965 2025 1156 2097 frutmeutum

183 2203 216 2269 ⁸⁰)
230 2224 252 2259 a.
268 2216 343 2258 1—7.
371 2207 486 2271 Vesiipia
504 2206 531 2256 0.
550 2214 650 2256 secutus
665 2209 815 2256 'sententiam
831 2206 938 2270 perfeci.
973 2206 1040 2256 Edd.
1060 2212 1155 2254 tantum

184 2274 292 2323 babeat:
305 2276 366 2323 ciuis
378 2277 489 2323 Romana
502 2301 533 2309 -
547 2277 598 2339 ipse
611 2276 674 2324 fliius
687 2277 755 2324 caios
767 2301 801 2310 .-
813 2275 882 2323 dehet
894 2289 990 2323 causam
1002 2275 1115 2337 probare,
1129 2279 1154 2320 ut

184 2367 218 2376 -
230 2343 260 2389 de
272 2343 322 2391 silio
335 2343 446 2391 anniculo
461 2341 532 2404 (ante
544 2344 592 2392 boc
604 2344 736 2392 uidebimus
750 2344 844 2394 lloIIw.
856 2341 912 2405 φῖ),
956 2341 975 2404 ¹)
991 2342 1079 2391 Gaium
1090 2341 1154 2389 iuris

185 2407 257 2468 Quir.
271 2411 452 2472 acquisitiones
463 2413 568 2471 primum
581 2425 632 2466 eras,
652 2425 716 2474 quae
728 2412 831 2459 mineris
848 2417 874 2458 et
884 2411 987 2459 maioris
1001 2408 1081 2458 XXX
1093 2423 1152 2456 ann.

185 2477 327 2524 rannumissi
339 2483 364 2524 et
376 2477 465 2524 Latini
474 2476 541 2539 fracti
551 2479 677 2540 propriae
690 2485 771 2532 erant,
786 2478 878 2527 deiude
895 2479 1025 2540 utriusque
1046 2490 1151 2524 comaru-

185 2557 230 2591 nes
243 2544 396 2605 exposuisse
410 2543 530 2592 credibile
543 2551 589 2592 est.
619 2544 713 2607 Itaque
726 2544 861 2594 liberorum
873 2559 966 2593 causae
976 2542 1154 2607 probationem

185 2625 221 2658 erc
233 2612 287 2672 lepe
301 2612 333 2657 Α.
347 2609 376 2661 S.
388 2610 435 2658 boc
447 2614 502 2660 loco
515 2627 536 2659 a.
551 2619 629 2658 7—10.
644 2613 752 2674 perinde
770 2618 797 2660 ut
809 2613 880 2675 apud
892 2611 950 2674 Uip.
963 2620 983 2669 s,
996 2619 1016 2660 4.
1030 2610 1153 2674 sequeba-

186 2684 228 2726 tur
240 2679 351 2734 iteratio,
365 2680 431 2725 aeiut
443 2678 481 2725 bis
493 2678 591 2727 uerbis-¹
605 2679 704 2728 ‘Maior
718 2679 799 2727 XXX
811 2695 932 2728 annorum
944 2679 1054 2728 Latinus
1068 2678 1154 2741 sactus

185 2747 240 2794 iure
253 2745 321 2793 ciuili
333 2759 382 2807 per
394 2747 553 2794 iterationem
565 2747 629 2794 ciuis
641 2746 767 2795 Romanus
776 2748 819 2808 fit,
833 2745 879 2795 boc
892 2753 938 2806 est,
951 2749 976 2795 si
987 2746 1018 2796 ab
1032 2762 1070 2802 eo,
1083 2748 1156 2794 caius

185 2827 221 2860 ex
233 2813 288 2860 iure
301 2810 432 2872 Quiritium
443 2827 534 2862 seruus
544 2813 602 2875 fuit,
615 2815 705 2862 iterum
717 2816 781 2862 iuste
793 2816 956 2864 manumissus
964 2816 1008 2863 sit.
1025 2815 1155 2864 Proinde’

185 2886 233 2929 etc.
263 2878 332 2939 Quae
345 2881 466 2944 deinceps
478 2881 649 2945 sequebantur
660 2898 682 2930 a,
698 2891 729 2933 10.
743 2889 871 2944 extremo,
885 2884 921 2931 ad
931 2885 1093 2937 sententiam,
1106 2881 1155 2929 sed

182 2950 278 3011 partim
290 2946 381 2996 Sebed.
401 2963 449 3010 ope
466 2950 492 2996 in
508 2954 583 2997 textu
598 2951 701 2998 restitui
713 2947 782 3010 (edd.
797 2956 891 2998 tantum
908 2949 985 2998 verba
1003 2951 1051 2997 illis
1065 2974 1096 2980 —
1110 2949 1154 2997 do·

184 3016 256 3063 minis
280 3014 424 3078 praebent).
456 3015 489 3063 In
509 3026 624 3068 a.1i.13.
647 3017 729 3078 fuisse
750 3019 841 3079 posui:
865 3018 913 3066 iilis
937 3015 1032 3065 duobus
1050 3015 1154 3063 dominis

185 3081 287 3134 iib.tem
301 3080 323 3131 e’
337 3084 441 3132 incoare
455 3087 520 3132 alter
538 3082 560 3132 c’
577 3080 580 3146 i
595 3087 660 3149 plere
676 3101 691 3146 p
708 3086 843 3136 istaiionern
859 3079 930 3147 poti.
961 3084 1000 3132 De
1013 3080 1039 3145 S.
1053 3090 1086 3131 35.
1100 3084 1154 3132 aid.

184 3279 231 3318 254.
246 3269 272 3334 S.
288 3281 307 3319 5.
326 3269 595 3334 caenomanica.
611 3268 640 3334 (a,
654 3269 690 3335 23)
704 3272 876 3334 ‘Vespasiani
888 3271 954 3334 Arrp.
975 3269 1155 3333 temporibus'.

241 3335 267 3406 ᾗ.
281 3340 321 3389 32.
343 3338 380 3425 Gi.
395 3335 487 3388 Callai.
501 3347 532 3395 lb,
545 3348 565 3426 3.
579 3337 627 3401 88.
642 3349 661 3386 t.
677 3348 707 3387 15.
722 3338 793 3421 infra
806 3348 825 3396 3,
838 3350 859 3389 b.
918 3335 943 3404 ᾗ,
958 3339 1010 3418 32).
1030 3337 1069 3400 Cf.
1082 3337 1154 3398 infra

184 3403 519 3537 aimistadi:
530 3406 855 3532 indiuidua·
869 3406 1075 3540 ”uiuida
1090 3403 1153 3534 iii:
