2634 3960
211 181 262 230 560
343 229 346 236 ‚
386 189 478 234 *uos
498 188 533 222 ar
552 187 620 222 sora.
639 185 734 222 naevia
754 185 870 220 concur.
890 169 926 220 lll.
946 171 969 220 2,

208 336 344 408 uirginem
372 311 643 402 non'desponsatam
670 335 697 382 et
720 327 884 399 stupraverit
911 341 983 388 earn,
1016 324 1099 381 ducat
1120 339 1180 382 cam

209 419 259 474 sibi
282 420 309 474 in
332 432 453 472 uxorem.
490 411 518 470 3.
549 411 650 480 Quodsi
671 412 793 467 renuerit
812 419 889 484 pater
915 410 982 473 eius,
1005 417 1032 465 et
1059 409 1181 466 noluerit

209 519 267 559 eam
281 503 344 558 dare
359 501 399 558 illi
415 515 535 561 uxorem,
552 498 691 571 pecuniam
707 495 808 551 inseret
823 483 1059 568 patri,'quantum
1071 502 1112 550 est
1128 494 1179 548 dos

209 588 333 661 uirginis.

273 671 339 743 Kap.
361 667 393 722 ll.
434 665 560 724 Paulus
592 666 682 721 libro
712 665 890 738 singulari
920 663 959 720 de
989 663 1181 720 adulteriis

210 755 272 812 sub
310 741 447 809 ῑίῐυΙο.2
490 746 514 804 1.
542 749 655 806 Breuem
686 751 939 822 interpretationem
970 748 1004 804 de
1039 748 1181 804 adulteriis

210 837 367 896 coercendis
383 835 518 896 facturus,
540 851 589 906 per
610 836 667 907 ipsa
688 827 794 908 capita3
816 835 861 888 ire·
875 833 971 896 malari,
1002 827 1183 906 ordinemque

211 926 280 998 legis
309 936 429 976 seruare.
472 915 500 976 2.
524 918 557 972 Et
578 918 685 992 quidem
709 920 810 992 ’primo
842 913 949 991 capite4
978 917 1047 990 legis
1078 913 1183 973 luliae⁵

212 1009 246 1064 de
262 1006 399 1064 adulteriis
415 1001 552 1077 prioribus
568 1003 674 1078 legibus
687 1003 810 1078 pluribus
832 998 1016 1076 ’abrogatis6
1037 995 1182 1058 secundo⁷

212 1095 299 1167 capite
315 1088 497 1164 ’permittitur
510 1084 617 1161 pater,⁸
639 1085 677 1159 (si
690 1085 731 1160 in)
753 1085 806 1145 lilia
822 1104 884 1149 sua,
902 1103 981 1159 quarn
996 1089 1024 1142 iu
1042 1095 1184 1163 potestate

213 1177 302 1240 habet,
318 1184 364 1230 aut
379 1176 407 1229 in
422 1189 466 1236 ea,
487 1189 556 1244 quae
573 1171 627 1244 (eo)
648 1180 772 1236 auctore,
799 1189 861 1230 cum
886 1173 914 1226 in
940 1179 1077 1244 potestate
1099 1180 1181 1234 esset,

215 1265 274 1318 uiro
289 1263 317 1316 in
333 1274 439 1314 manum
461 1259 634 1319 conuenerit,
651 1258 803 1312 adulterum
816 1257 888 1312 domi
904 1273 970 1312 suae
990 1258 1119 1330 genesius
1140 1258 1184 1311 sui

214 1343 437 1419 deprehenderit,
459 1343 537 1413 isque
563 1344 591 1396 iu
612 1359 670 1397 eam
690 1358 746 1397 rem
763 1357 889 1398 socerum
905 1340 1072 1403 adhibuerit,
1103 1348 1134 1396 ut
1146 1373 1147 1376 =
1160 1343 1182 1396 is

213 1439 367 1506 pateream
384 1425 537 1480 adulterum
552 1427 611 1480 sine
632 1427 726 1483 fraude
747 1423 838 1498 ’(ειια)
855 1425 958 1482 occidat
973 1427 1025 1489 ita,
1053 1434 1084 1480 ut
1101 1425 1182 1482 liliam

214 1511 412 1571 incontinenti
433 1509 546 1564 occidat.
579 1507 607 1566 3.
635 1510 665 1565 ln
693 1511 771 1566 uidua
794 1519 882 1567 autem
903 1509 958 1566 lilia
978 1511 1001 1564 si
1027 1511 1185 1566 adulterum

216 1597 416 1670 deprehensum
432 1593 574 1656 occiderit,
597 1602 624 1650 et
639 1597 666 1650 in
688 1597 840 1652 continenti
858 1593 955 1658 tiliam,
973 1589 1086 1667 ’iaculi’
1109 1595 1183 1650 licito
1215 1598 1218 1602 '

215 1673 307 1738 iure1⁰
329 1680 383 1738 boc
403 1677 511 1740 iactum,
533 1677 674 1735 Marcellus
696 1679 766 1734 libro
781 1697 866 1738 xxxi.
889 1679 1059 1753 digestorum
1080 1678 1182 1734 scribit.

215 1765 246 1823 4.
269 1766 318 1820 'At
348 1763 381 1818 de
408 1764 586 1826 auctoritate,
610 1757 763 1837 quemque¹
790 1775 893 1837 patrem
919 1780 1002 1836 posse
1020 1762 1182 1826 interficere,

217 1851 263 1906 uel
285 1847 455 1906 consularem
478 1849 575 1909 uirum,
604 1850 649 1905 uel
674 1857 819 1923 patronum
840 1865 932 1911 suurn,
964 1846 1016 1920 ’(si
1039 1841 1131 1921 ειινη)2
1158 1851 1185 1904 in

218 1935 271 1991 lilia
291 1933 442 1990 adulterum
464 1932 684 2005 deprehenderit,
712 1932 806 1988 eodem
824 1933 893 1988 libro
914 1933 1056 1990 Marcellus
1076 1932 1183 2007 probat.

217 2017 245 2076 5.
263 2018 319 2080 Sed
331 2020 354 2074 si
370 2017 449 2072 filiam
465 2033 521 2072 non
536 2017 717 2080 interfecerit,
734 2017 782 2072 sed
805 2018 893 2074 solum
910 2017 1076 2082 atlulterunr,
1099 2018 1186 2073 homi-

218 2104 280 2162 cidii
300 2119 363 2158 reus
385 2110 435 2157 est.
472 2096 500 2156 6.
523 2099 575 2154 Sed
597 2104 648 2159 etsi
664 2100 808 2158 interuallo
830 2101 910 2157 liliam
925 2103 1106 2166 interfecerit,
1128 2111 1187 2180 tan-

222 2218 425 2232 —-„......-.

219 2319 241 2384 2)
261 2319 461 2370 securarum
481 2319 594 2379 singulari
614 2329 636 2368 et
655 2320 720 2368 titulo
740 2319 768 2366 de
787 2320 909 2369 adulteriis
922 2319 965 2370 Bt.
978 2321 1018 2370 ed.
1089 2317 1109 2383 ³)
1130 2318 1189 2368 Ma-

220 2391 302 2437 teriae
321 2394 347 2436 et
363 2388 435 2435 simul
452 2389 521 2449 lepis.
605 2385 627 2452 4)
646 2389 746 2450 primum
766 2395 836 2451 caput
854 2387 942 2451 (capud
965 2385 1025 2449 Ve.)
1045 2385 1109 2438 odd.
1128 2388 1188 2438 edd.

219 2457 316 2518 fortiam
335 2454 365 2503 ob
385 2455 497 2515 abrogal3
514 2455 564 2508 vid,
584 2462 635 2506 aot.
648 2463 668 2502 6.
722 2453 742 2514 5)
762 2455 850 2504 Malim
869 2457 920 2516 lege
932 2455 1004 2510 lulia,
1022 2460 1050 2502 ad
1068 2455 1096 2504 id
1112 2470 1188 2518 repo-

223 2530 265 2571 tur
283 2538 299 2570 a
316 2521 445 2586 prioribus.
541 2521 561 2586 6)
582 2525 680 2582 abrogat
700 2522 763 2573 Gdd.
783 2525 840 2573 edd.
860 2523 904 2572 Bl.
932 2523 1031 2582 obrogat
1048 2523 1083 2584 ej.
1103 2520 1188 2579 scam

221 2592 269 2640 sed
285 2591 348 2640 illud
359 2593 451 2654 linpua,
470 2591 617 2639 beccenses
636 2605 685 2639 aon
702 2589 756 2652 fert
762 2609 770 2644 ,·
789 2607 868 2656 quare
885 2597 975 2640 nostra
989 2591 1113 2639 medicina
1125 2604 1190 2654 opus

218 2659 283 2722 suit,
304 2674 376 2724 quam
394 2658 564 2715 commendat,
584 2659 652 2722 quod
669 2658 774 2722 capitis,
794 2675 842 2723 quo
866 2661 924 2722 ipsa
942 2660 986 2706 leae
1004 2659 1110 2707 nondum
1129 2673 1190 2706 con-

222 2727 362 2788 tinebatur,
381 2728 409 2774 ia
427 2734 576 2775 transcursu
596 2733 690 2774 tantum
712 2729 803 2776 mentio
826 2727 949 2789 facienda
972 2731 1038 2774 crat.
1075 2725 1190 2774 Ueterum

222 2795 265 2846 Bl.
283 2795 324 2844 bic
344 2793 371 2858 8.
383 2803 405 2847 2,
421 2795 535 2856 finierat.
588 2793 611 2858 ⁷)
631 2792 695 2843 Cdd.
715 2801 740 2843 et
758 2797 818 2846 edd.
838 2810 873 2844 eae
891 2792 1071 2858 consequentia
1090 2793 1192 2842 erroris

222 2864 264 2911 lde
282 2865 447 2924 interponunt
466 2875 531 2909 uero.
610 2860 632 2926 8)
651 2863 764 2924 permittit
781 2865 841 2925 patri
865 2861 912 2913 Ve.
934 2863 976 2913 Vr.
996 2862 1036 2912 ed.
1055 2858 1098 2908 Bt.
1135 2875 1190 2922 per·

223 2933 295 2978 mittit
312 2937 379 2992 pater
396 2925 429 2976 B.
533 2928 554 2994 ⁹)
575 2931 676 2980 Addidi
692 2932 852 2986 rrecessurr'o,¹
876 2930 911 2992 cs.
931 2931 1012 2978 eiusd.
1030 2929 1092 2990 lepis
1110 2942 1132 2974 e.
1155 2926 1188 2979 V.

224 2997 256 3044 L.
276 3006 300 3044 25
316 3011 359 3058 pr.
378 2996 413 3047 D.
431 2995 455 3044 Ιι.
476 3003 492 3044 l.
515 2993 564 3060 (aa,
584 2998 616 3062 5).
704 2995 734 3058 ¹⁰)
753 2999 837 3047 illicito
857 3000 908 3047 inre
926 2997 961 3059 ej.
983 2996 1081 3052 Ouiae,
1100 2993 1134 3042 ad
1154 2995 1189 3052 id,

225 3066 294 3127 quod
309 3064 392 3121 votuit,
412 3071 482 3114 recte
501 3066 546 3129 (cf.
565 3069 598 3119 L,
617 3075 650 3115 rr.
669 3064 697 3128 3.
717 3073 736 3116 1,
760 3066 794 3117 L.
812 3075 836 3112 rs
851 3068 896 3129 sta.
915 3066 948 3113 D.
967 3065 991 3114 lt.
1010 3062 1053 3129 a).
1072 3063 1120 3112 sed
1137 3063 1190 3112 dici

228 3134 265 3182 cic
283 3146 333 3180 non
349 3137 443 3195 potest.
498 3132 516 3197 1)
537 3143 613 3184 autem
634 3133 714 3196 (euius
732 3141 793 3182 note
811 3142 850 3184 est
867 3132 901 3199 at)
927 3134 955 3182 de
974 3133 1114 3180 auctoritate
1132 3145 1191 3192 quo-

226 3215 270 3262 que
292 3201 339 3250 Vc.
369 3203 507 3251 auctoritate
526 3218 617 3266 quoque
636 3201 669 3250 B.
692 3201 734 3249 Vi.
762 3205 907 3251 Auctoritate
929 3215 1020 3264 quoque
1040 3197 1121 3264 (legis)
1148 3199 1191 3249 ed.

225 3268 268 3318 Bl.
306 3267 401 3318 Sensus
419 3275 471 3318 ecl:
490 3271 526 3319 Ac
551 3271 619 3334 qaod
641 3270 677 3318 ad
699 3271 876 3320 auctoritatem
898 3271 950 3319 sice
974 3269 1122 3330 dipsitatem
1145 3267 1190 3315 ad·

226 3338 303 3385 ulceri
324 3338 423 3385 attinet.
454 3336 513 3398 (Fr.
538 3339 598 3386 Vol.
622 3336 736 3402 38139.
760 3337 822 3402 152.)
861 3339 901 3401 Of,
925 3337 997 3399 infra
1021 3351 1042 3384 c.
1064 3345 1095 3386 12.
1124 3333 1152 3397 S
1172 3343 1193 3382 l.

226 3404 259 3451 L.
278 3413 303 3452 aa
319 3420 361 3467 pr.
381 3402 409 3466 S.
428 3413 448 3452 3.
468 3406 499 3454 L.
519 3415 552 3455 38.
572 3403 601 3467 S.
618 3416 639 3455 e.
658 3407 691 3454 D.
710 3406 734 3453 lt.
755 3413 773 3454 t.
847 3405 869 3469 ²)
889 3405 935 3454 Eae
953 3405 1064 3452 Paterni
1081 3404 1130 3465 ej„
1149 3417 1193 3466 pe·

227 3474 370 3521 minandum
387 3486 424 3520 ec.
444 3489 479 3522 ex
496 3488 576 3529 suurn3
597 3470 641 3536 (si)
661 3474 697 3535 φ’.
716 3473 785 3523 ΡίιΙι.
805 3475 846 3522 ed.
866 3473 907 3522 Bl.
