2634 3960
130 229 133 236 .
163 182 212 232 228
456 195 518 230 osu
538 193 641 230 1usr1r.
662 180 700 228 ill.
720 179 829 231 82-84.

162 339 196 394 de
212 337 334 394 omnibus
350 336 431 392 rebus
448 336 579 392 'utilibus
596 335 757 392 actionibus
773 342 800 391 et
812 338 1008 406 experienter
1020 343 1048 390 et
1062 353 1128 392 eoo·
1203 379 1205 384 .

118 489 119 497 χ
163 415 326 484 inaniuntur,
343 439 417 495 quos
432 413 591 493 πάΐθπαάε71
605 421 814 493 protpoueruus,
833 413 838 496 Ι
892 459 895 463 -

95 513 160 566 149.Δ
226 505 275 565 82.
300 507 369 562 Sunt
385 512 474 560 autern
491 506 570 560 etiam
587 503 698 560 alterius
715 505 823 578 generis
840 505 1036 579 successiones,
1054 523 1130 578 quoe

162 607 249 668 neque
265 591 326 665 lege
341 607 387 646 x11
405 589 554 645 tabularum
570 606 658 662 neque
674 590 808 662 praetoris
825 588 929 650 edicto,
946 589 993 644 sed
1009 606 1042 645 eo
1059 591 1134 652 iure·

163 672 259 750 (quod)
276 691 411 731 consensu
426 685 566 747 receptum
587 681 642 736 est,
664 672 835 731 introductae
857 681 931 730 sunt.
977 671 1026 730 83.
1050 675 1151 731 Ecce

164 765 317 817 enimcum
338 759 528 832 paterfamilias
550 775 579 813 se
601 759 628 813 in
644 759 818 830 adoptionem
834 757 922 828 dedit,
949 758 1081 814 ruulierue
1101 760 1129 814 in

164 841 269 900 manum
287 845 423 906 conuenit,
440 859 537 900 omnes
553 858 650 899 eorum
665 859 709 898 res
723 843 907 916 incorporales
930 849 957 898 et
973 842 1127 916 corporales

163 945 285 1002 quaeque
312 930 352 984 eis
377 927 587 991 debitaesnut,
615 929 685 1000 patri
711 926 843 998 adoptiuo
869 927 1128 1000 coemptionatorine
1180 917 1181 920 ’

163 1014 351 1086 adquiruntur,
368 1013 486 1086 exceptis
502 1013 549 1076 iis,
567 1028 635 1085 quae
650 1027 700 1084 per
721 1011 815 1084 capitis
832 1010 1046 1066 deminutionem
1067 1015 1128 1084 per-

116 1091 118 1098 ’
164 1105 246 1160 eunt,
256 1097 347 1170 quales
363 1103 427 1152 sunt
442 1096 630 1159 ususfructus,
648 1099 791 1169 operarum
807 1094 937 1168 obligatio
953 1097 1128 1157 libertorum,

164 1199 232 1255 quae
252 1179 301 1254 per
323 1180 510 1238 iusiurandum
531 1188 669 1237 contracta
690 1187 746 1246 est,
769 1187 796 1235 et
817 1179 910 1252 ’iiies,
936 1197 1012 1252 quoe
1039 1184 1127 1236 conti·

163 1259 287 1322 nentur²
303 1267 425 1340 legitimo
441 1265 549 1320 iudicio.
596 1261 644 1320 84.
670 1265 729 1322 ’Ex
750 1257 883 1320 diuerso³
903 1265 994 1337 'quoe
1015 1266 1109 1320 debuit
1117 1259 1129 1297 ⁴

162 1356 200 1421 is,
219 1354 269 1423 qni
283 1366 314 1406 se
330 1355 359 1406 io
375 1350 547 1422 adoptionem
563 1349 645 1412 dedit,
663 1353 708 1405 uei
723 1350 842 1421 quaein
858 1365 968 1405 manum
984 1353 1126 1420 conuenit,

163 1437 203 1490 αα
215 1437 305 1507 ipsum
320 1437 432 1507 quidem
449 1435 708 1505 coemptionatoreru
724 1441 770 1488 aut
788 1433 820 1491 ad
845 1441 948 1506 patrem
971 1433 1129 1506 adoptiuum

158 1523 287 1591 pertinet
302 1518 493 1573 hereditarium
509 1533 553 1572 aes
568 1517 692 1580 alienum,
708 1533 819 1589 proque
836 1535 876 1587 eo,
891 1519 969 1590 'quio
985 1518 1128 1590 detfuneto

161 1605 214 1657 iam
229 1604 285 1676 ipse
300 1609 377 1674 pater
389 1601 533 1674 adoptiuus
551 1599 838 1674 (coemptionotorue)
850 1602 971 1658 succedit
983 1609 1010 1658 et
1023 1597 1128 1664 πθΙπο5

162 1687 242 1742 heres
269 1683 313 1747 bt,
340 1685 443 1740 directo
471 1687 676 1747 tenetnriure,
705 1679 937 1758 ’ti'berotorqoei
959 1689 996 1756 ic,
1025 1691 1074 1758 qui
1099 1703 1128 1745 se

162 1769 343 1843 adoptandum
360 1769 448 1832 dedit,
466 1785 575 1843 quaeue
590 1771 619 1826 io
640 1787 754 1826 mortum
771 1775 919 1840 conuenit,
938 1773 1005 1842 quio
1027 1769 1127 1824 desinit

163 1847 282 1913 'etium7
299 1855 379 1910 heres
395 1865 473 1918 esse,·
493 1851 526 1908 de
542 1869 574 1909 eo
591 1869 670 1918 nero,
689 1853 762 1928 quod
781 1857 859 1927 prius
875 1871 926 1910 suo
942 1854 1052 1909 nomine
1074 1869 1126 1909 eoe

161 1955 293 2012 personae
309 1937 464 2001 debuerint,
481 1938 545 1994 licet
566 1955 655 2012 neque
670 1947 747 2012 pater
768 1939 914 2011 adoptiuus
937 1945 1061 1994 teneatur
1082 1936 1141 1992 ne·'

162 2039 215 2097 que
231 2025 460 2096 coemptionator,
477 2039 570 2095 neque
585 2025 644 2097 ipse
660 2022 782 2098 quidem,
800 2025 846 2095 qui
862 2040 891 2078 se
910 2025 939 2078 in
955 2023 1127 2096 adoptionem

162 2107 235 2164 dedit
251 2111 298 2164 oei
314 2125 381 2181 quae
401 2109 430 2164 in
446 2124 553 2164 uranum
574 2109 716 2170 conuenit,
740 2114 845 2163 maneat
867 2107 1003 2181 obligatus
1026 2107 1127 2181 obliga·

161 2199 234 2255 tane,
251 2193 313 2264 quia
328 2195 439 2248 scilicet
459 2210 508 2266 per
523 2193 617 2265 capitis
640 2193 845 2248 diminutionem
867 2185 1073 2255 ’ῐίὸθιαπῑιπ,8
1090 2199 1128 2246 ta-

164 2323 359 2334 -—..-..........-.

161 2407 193 2468 71)
215 2407 261 2456 Eae
275 2424 331 2456 πιθα
348 2410 383 2468 ej.
401 2407 550 2456 adsensum
566 2408 675 2456 restitui.
723 2404 744 2470 ²)
763 2407 809 2456 Eoo
825 2423 880 2456 meo
897 2407 933 2470 ej.
951 2407 1058 2456 restitui.
1088 2405 1127 2468 Cf.
1211 2465 1213 2467 ¹

71 2471 72 2476 ’
162 2475 289 2524 ‘Studien'
300 2491 328 2537 p.
343 2483 388 2526 uit.
408 2473 462 2522 Sed
473 2477 656 2538 ‘quaecunque'
671 2473 730 2537 (pro
744 2476 811 2524 ‘lites
824 2473 910 2540 quoe')
925 2477 965 2524 ed.
978 2491 1033 2524 meo
1043 2476 1127 2539 prior.

161 2541 182 2604 ³)
196 2541 242 2590 Eas
254 2541 358 2592 Locbm.
371 2542 412 2589 ed.
431 2539 497 2589 ‘Sed
509 2556 521 2590 e
534 2541 639 2590 diuerso’
653 2543 694 2590 θα.
709 2541 758 2604 Bp.
806 2540 827 2606 ⁴)
842 2547 916 2606 ‘quae
929 2542 1014 2592 debet'
1028 2544 1087 2592 θαα.
1101 2549 1127 2592 ei

161 2625 216 2660 mea
226 2610 310 2672 prior.
358 2605 379 2671 ὅ)
398 2609 419 2656 is
435 2605 485 2668 sluo
502 2611 597 2658 nomine
609 2611 682 2658 'uelut
699 2609 752 2672 ipsc
766 2617 833 2672 pater
850 2611 975 2676 adoptiuus
995 2610 1128 2659 succedens

162 2679 221 2741 quio
233 2671 311 2734 reltro
324 2676 363 2724 θα.
377 2690 432 2724 πιθα
441 2676 525 2738 prior.
556 2677 615 2739 quio
626 2674 680 2736 salo
694 2678 790 2726 nomine
808 2679 859 2742 ipse
877 2694 899 2742 p.
909 2694 935 2727 a.
955 2679 1063 2726 succedit
1083 2682 1127 2725 out

118 2797 121 2805 .
162 2745 369 2807 coemptionutor,
385 2740 388 2804 l
403 2743 454 2805 ipse
467 2743 516 2806 Bp.
532 2745 571 2791 θα.
578 2752 598 2790 5.
617 2743 715 2793 Iterum
726 2743 961 2808 inspectisScbedis
974 2759 1052 2809 reque
1062 2759 1124 2806 per-

160 2825 242 2876 penso
255 2813 281 2860 ia
290 2809 318 2860 G.
327 2817 389 2874 post
397 2826 428 2874 pq
442 2825 468 2859 eo
479 2811 560 2872 fuisse
569 2818 648 2874 puto:
660 2827 682 2872 q.
694 2810 813 2871 deliuneto
824 2813 871 2861 iarn
883 2814 900 2860 i.
913 2827 936 2875 p.
948 2828 970 2860 a.
984 2811 1092 2860 succedit
1105 2819 1127 2858 et

163 2875 242 2943 reltro.
262 2874 491 2942 Goemptioo'otoris
503 2893 562 2928 uero
576 2879 729 2935 mentionem,
745 2895 809 2944 poue
822 2880 903 2929 adbuc
916 2881 1010 2930 ooocios
1023 2880 1127 2928 criticos

160 2945 260 3004 ,dobuib
280 2947 407 2994 excidisse
422 2947 554 3007 fotendum
571 2953 618 2994 est.
665 2946 686 3010 ⁶)
706 2950 771 2995 ‘ooo
783 2949 859 2998 uero’
874 2963 908 2996 eac
920 2947 1024 2996 Lacdm.
1037 2947 1074 3008 ej,
1085 2948 1126 2995 ed.

164 3013 214 3076 Bp.
232 3014 356 3062 liberator
368 3019 449 3062 autem
462 3015 502 3063 θα.
515 3012 565 3077 Bp.
580 3022 600 3063 5.
647 3011 668 3076 ⁷)
689 3017 760 3064 ‘iure
772 3016 855 3064 ciuili'
868 3030 903 3063 eac
917 3014 1018 3062 Laebm.
1033 3015 1068 3076 ej.
1088 3016 1127 3064 ed.

165 3079 212 3144 Bp.
232 3079 360 3144 Scriptum
368 3082 467 3130 uidetur
476 3081 557 3144 foisse
568 3087 599 3130 et.
635 3080 656 3145 8)
671 3081 717 3130 Eoo
725 3081 828 3132 Goescb.
841 3085 882 3132 θα.
902 3081 1018 3132 liberetur
1028 3083 1068 3133 ed.
1077 3081 1126 3146 Bp.

163 3263 188 3331 ξ.
201 3267 242 3315 82.
260 3285 294 3308 =
308 3282 351 3330 pr.
366 3266 389 3315 Ι.
403 3268 435 3316 αθ
447 3282 504 3332 uoq.
521 3283 573 3330 per
585 3268 674 3330 udrop.
695 3265 787 3329 (3,10).
870 3264 896 3334 ἕ
910 3269 952 3318 83.
971 3287 1005 3311 =
1021 3267 1050 3331 8.
1064 3277 1083 3316 1.
1102 3268 1126 3321 Ι.

163 3335 220 3386 eod.
239 3333 279 3397 Cf.
292 3345 316 3392 π,
330 3343 363 3386 oo.
389 3333 451 3398 Uip.
464 3343 499 3391 19,
514 3343 545 3382 ss.
567 3359 594 3368 ω
616 3333 667 3383 Cio.
684 3334 746 3397 Top.
760 3345 779 3386 4.
793 3333 819 3398 3.
833 3344 865 3386 23.
897 3334 1000 3387 Sueten.
1022 3335 1075 3384 Tib.
1095 3345 1127 3386 15.

164 3414 256 3464 operar.
270 3403 329 3460 obl]
347 3401 381 3463 cf.
395 3403 427 3451 L.
442 3412 462 3452 7.
481 3401 512 3450 D.
527 3403 558 3450 de
571 3417 642 3464 oper.
657 3401 699 3454 lib.
714 3401 762 3465 (at,
776 3401 816 3465 1).
839 3404 902 3462 legit.
917 3401 977 3461 iud]
996 3403 1029 3465 cf.
1043 3411 1066 3460 3,
1082 3411 1127 3454 181.

230 3465 255 3534 ἓ.
270 3471 311 3519 84.
331 3469 371 3531 Cf.
387 3468 413 3532 S.
427 3478 448 3521 3.
466 3468 491 3518 I.
505 3470 537 3517 de
549 3485 606 3534 aeq.
618 3485 668 3531 per
681 3485 768 3533 orrop.
783 3470 812 3533 (3,
828 3469 872 3530 to).
891 3469 959 3520 Bo.
979 3469 1011 3520 D.
1025 3471 1056 3519 αθ
1070 3485 1126 3533 cop.
