2590 4286
193 117 245 168 752
399 131 549 168 οιπιαινε.
569 131 722 169 οοαατιιτο,
742 131 955 167 cenomanen.

192 266 310 328 πάκτου
330 266 387 347 τὴν
401 265 549 328 διάλυσιν.
585 265 664 330 οὕτω
679 266 731 328 καὶ
756 279 868 330 certam
885 281 964 344 erat,
988 275 1039 330 tibi
1059 277 1197 348 aliquid

196 352 342 433 Κύριλλος
358 348 374 412 ὁ
389 349 491 433 ἥρως7
507 353 610 431 φησίν.
621 357 731 414 -Ste·
757 360 864 415 eteberi.
895 358 945 414 Sic
960 362 1048 432 iqitar
1059 375 1105 416 ex
1117 379 1191 432 pa-

195 443 302 518 phanus
317 443 345 498 in
361 441 733 506 Schol.ssasil.11‚1.c.1t.
759 449 804 500 cta
814 447 1040 500 transactionem
1052 446 1195 516 definiri

87 558 90 566 =
192 525 304 602 :Ula
321 525 350 582 L.
370 525 464 582 1217.
481 525 514 581 dc
529 536 600 601 pact.
617 525 731 600 (2.14).
758 546 815 586 nan
832 533 953 600 oportet.
976 527 1024 584 Sic
1041 535 1069 585 et
1081 531 1192 602 incly-

196 613 226 668 Τ.
243 611 262 666 l.
279 629 306 686 p.
323 611 395 669 583.
411 610 516 666 licimh.
759 620 806 678 tas
822 613 947 686 Cyrillas
962 604 1012 669 ait.

238 693 266 754 3.
286 690 407 769 Ταύτην
428 689 483 770 τὴν
498 689 654 766 διαταξιν7
671 694 731 751 Λο-
802 697 889 754 Hanc
940 702 1191 755 constitutionem

192 783 300 855 μνῑνος
321 773 377 854 μὲν
397 775 447 836 nal
463 775 662 855 Δημοσθένης
683 775 734 836 καὶ
759 783 1192 840 DamninasetDemastlecnes

197 857 344 934 Εὐδόξιος
360 861 391 920 οἵ
403 858 580 940 πανάριστοι
595 859 732 922 talmati—
760 875 788 924 et
796 868 948 924 Eudoxias
956 871 1012 924 viri
1022 871 1188 924 excelten-

197 954 280 1024 ταιῆς
297 945 402 1024 clami
418 944 542 1025 ἐνόουν,
573 944 675 1025 ἐπειδὴ
701 945 734 1006 τὸ
762 956 861 1008 tissimi
875 955 909 1008 de
926 956 1004 1009 cirili
1015 970 1111 1009 caasa
1127 970 1188 1009 ac-

193 1027 326 1091 παλαιὸν
345 1025 364 1110 τ)
387 1030 520 1106 διᾶταξις
542 1028 618 1109 αὕτη
641 1030 733 1110 ἔλεγε·
762 1043 911 1109 ceperant,
926 1041 1065 1110 anitolim
1077 1040 1187 1094 initae

199 1113 291 1194 Μηδὲ
312 1113 397 1194 τιμὰς
419 1115 574 1178 δύνασθαι
594 1116 735 1196 πράττειν
762 1126 961 1178 constitutione
1004 1125 1186 1196 tacebatur:

199 1198 251 1262 τὸν
271 1197 332 1262 ὑπὸ
353 1200 535 1282 κατηγορίαν
560 1201 734 1282 ἐγκληματι-
761 1203 873 1263 ‘Ream
887 1211 1017 1263 criminis
1032 1212 1183 1265 constita-

198 1284 256 1364 τὴν
271 1283 441 1365 γενόμενον.
468 1282 501 1344 Ὁ
521 1283 554 1346 δὲ
568 1284 651 1366 ἥρως
668 1289 735 1345 Πα-
761 1299 818 1348 tam
826 1307 919 1364 neque
928 1293 1086 1350 honoribus
1097 1295 1180 1366 fun-

197 1372 311 1452 -τρίκιος
333 1370 383 1432 καὶ
407 1369 455 1431 ἐπὶ
479 1379 532 1452 τῆς
558 1370 736 1450 οἱανδήποτε
761 1380 791 1449 qi
807 1374 918 1448 passe!
963 1377 1022 1433 Sed
1046 1381 1184 1452 inclytus

199 1457 285 1533 δίκης
316 1453 429 1533 ἐδέχετο
458 1453 490 1514 τὸ
520 1455 662 1536 νόμιμον,
686 1455 737 1516 nai
762 1461 911 1518 Patricius
921 1477 985 1517 eam
997 1463 1032 1516 ele
1041 1480 1209 1534 quaean-

196 1546 310 1619 μᾶλλον
321 1563 377 1618 την
386 1563 479 1602 αντον
468 1539 737 1622 γνωμηνεὸεξαν
763 1562 818 1618 que
834 1563 925 1602 caasa
942 1551 1071 1618 accepit,
1090 1551 1181 1604 cuias

199 1648 231 1684 το
251 1626 281 1684 οἱ
299 1631 474 1704 περιφανεῖς
490 1625 683 1703 natitatem,
707 1623 737 1700 ἐξ
764 1636 849 1688 etiam
885 1635 1054 1687 sententiam
1093 1635 1180 1705 sequi

200 1703 244 1770 οἷν
259 1715 408 1790 περιεῖλον
429 1719 482 1790 της
504 1709 713 1788 διατάξεως
682 1734 738 1789 την
763 1719 928 1772 maluerant
946 1719 1076 1772 illustres
1093 1717 1175 1774 Gadi·

199 1803 253 1874 τῆς
270 1803 354 1873 τιμῆς
370 1819 502 1874 μνηαην
509 1793 570 1840 7
528 1802 697 1874 -ἫΙαῑοτρτ
705 1799 737 1854 ad
764 1805 807 1857 cis
820 1803 980 1870 architecti,
993 1819 1041 1874 qm
1039 1803 1177 1858 ideoha-
1257 1792 1260 1809 “

201 1885 231 1942 L.
241 1885 268 1940 6.
277 1883 305 1938 C.
314 1884 737 1958 tlaprocur.(2.13)ed.aRuhn·
764 1904 866 1942 noram
881 1889 1050 1948 mentionem
1063 1903 1104 1942 ex
1115 1887 1176 1944 leae

200 1971 261 2026 ken.
277 1969 305 2024 in
320 1968 484 2025 Meermanni
500 1971 570 2027 thes.
582 1973 634 2026 iur.
648 1971 697 2025 civ.
711 1977 738 2024 at
765 1974 966 2028 constitutione
981 1973 1176 2028 sustulerant.

202 2071 262 2110 can
277 2053 309 2108 Τ.
325 2054 356 2108 V.
372 2072 399 2126 p.
416 2054 466 2111 56.
489 2054 737 2120 Bastlffsstfflcts

203 2140 234 2194 ’.Γ
249 2138 269 2193 1.
282 2157 309 2210 p.
326 2137 398 2195 403.
417 2138 519 2196 Heimb.

244 2221 272 2278 4.
281 2214 738 2300 Ηπρὸςανιόνταςῆπατιόντας
808 2205 931 2281 Danatia
959 2229 1045 2282 etiam
1064 2241 1175 2296 paren-

197 2302 219 2382 η
207 2301 739 2411 οἷονσδήποτεσογγενεῖςγενομὲνη
759 2311 892 2366 tabescet
902 2311 1051 2367 liberaret
1058 2311 1175 2382 quibus

200 2385 297 2490 ὃωρεα
325 2383 587 2494 αναλαμβανέσθω
616 2388 707 2451 καὶ’
693 2389 741 2450 επὶ
767 2409 879 2468 cunque
917 2398 1047 2467 connatis
1087 2394 1175 2466 facta

200 2470 335 2553 πραξεως
352 2469 585 2553 ὑπομνηματων,
603 2473 741 2582 ὃηλρνότι
767 2484 840 2536 actis
866 2483 1047 2551 excipiatur,
1064 2481 1175 2558 scilicet

198 2558 454 2660 ὃωρεαστικοῦ
418 2583 459 2639 μη
475 2557 622 2639 ὑπόντος,
643 2557 665 2639 ι)
686 2558 740 2620 ἕαν
766 2569 792 2621 si
820 2567 981 2621 donatianis
1002 2569 1172 2621 instrumen-
1255 2566 1257 2585 '

201 2641 235 2704 τὸ
250 2637 415 2722 ὡρισμένον
429 2644 525 2706 ποσὸν
539 2639 737 2728 οπερβαινη
720 2669 740 2722 η
767 2656 825 2705 tam
840 2667 896 2705 nan
913 2653 962 2718 sit,
985 2651 1029 2705 ael
1044 2654 1069 2705 si
1084 2652 1172 2722 72ρὶιὶ-

201 2726 308 2835 laesa.
330 2727 424 2802 οὕτως
440 2755 496 2811 γαρ
512 2754 562 2791 και
554 2729 739 2810 Ποτρίττιος
766 2753 841 2790 mam
857 2738 1046 2806 essentitatem
1058 2735 1169 2790 donatia

202 2811 350 2893 ὁμόνος8
372 2815 550 2889 διδασκαλος
579 2815 741 2896 ἕξηγησοιτο
767 2821 901 2876 encedat.
957 2819 1005 2875 Sic
1041 2822 1114 2874 enim
1146 2825 1173 2874 et

202 3017 225 3082 7)
245 3019 352 3082 Eadem,
371 3025 399 3068 nt
414 3027 485 3083 pata,
505 3021 675 3083 definitionum
688 3019 752 3069 libra
765 3019 861 3068 sublit.
875 3019 1013 3081 depactis.
1066 3015 1088 3079 7)
1107 3017 1138 3070 L.
1149 3023 1168 3067 7.

204 3087 232 3138 0.
252 3089 405 3151 depracar.
426 3087 456 3149 (2,
478 3085 521 3152 43).
558 3089 750 3138 Alexandria.
769 3095 828 3143 224.
847 3101 912 3150 qaae
930 3101 996 3134 ntanc
1014 3087 1042 3135 ia
1056 3085 1129 3149 Grec.
1147 3091 1172 3133 et

203 3157 294 3206 Herm.
313 3155 342 3208 0
361 3157 536 3205 desideratur.
634 3155 655 3216 ⁶)
675 3155 709 3204 la
728 3170 778 3220 qua
796 3154 871 3219 qnasi
887 3153 983 3204 nonore
1002 3155 1087 3219 aliqua
1104 3153 1173 3218 fungi

200 3223 337 3274 videbatur
353 3230 523 3287 procuratam
542 3225 701 3274 accusatoris
725 3225 789 3272 enim
811 3237 897 3272 manas
920 3227 970 3270 tam
991 3237 1084 3294 param
1101 3221 1171 3271 lano·

203 3293 300 3355 nificam
318 3298 384 3341 erat.
463 3290 679 3357 ⁷¹)Qaanqaam
669 3307 750 3356 ipsam
767 3292 807 3340 ias
824 3296 949 3339 retentam
967 3283 1014 3340 est'.
1050 3289 1084 3339 L
1103 3288 1169 3339 71).

203 3361 237 3410 cie
255 3366 350 3410 ntaner.
369 3367 394 3409 et
418 3360 475 3410 hon.
496 3359 544 3423 (50,
564 3359 598 3422 4).
635 3360 667 3408 L.
688 3368 722 3408 17.
748 3357 775 3422 S.
797 3367 828 3410 42,
853 3357 885 3405 D.
904 3359 941 3406 ad
963 3357 1052 3408 munic.
1057 3357 1120 3434 (50,
1140 3356 1168 3436 4).

201 3417 386 3491 7)ὁτιοινο’ς
409 3429 445 3490 cJ.
469 3428 626 3478 Zachariaei
648 3427 748 3477 Anecd
771 3443 798 3490 p.
824 3423 987 3481 xcrllm
1011 3415 1169 3490 ἆὲμὸςο).
