2590 4286
346 167 449 203 rnsou.
471 168 528 204 run.
549 169 615 203 aon.
634 167 727 204 unare.
747 157 890 206 aet-324.
1052 154 1102 203 715

132 303 260 374 fuerit;¹¹
279 302 443 383 'quae(ue)²
458 311 555 373 uirum,
572 317 719 384 parentem,
736 310 871 367 lilrerosue
887 326 966 371 suos,
988 310 1028 363 uti
1043 325 1101 364 mos

129 404 263 458 estnon
286 394 414 458 eluxerit;
437 389 599 468 'quae(ue)²
620 412 680 450 oum
700 397 729 450 in
753 397 872 470 parentis
893 395 936 450 sui
965 400 1101 466 potestate

132 497 190 535 non
206 487 287 542 esset,
305 481 364 535 uiro
380 487 498 543 mortuo,
516 497 576 536 oum
599 495 660 536 eum
681 488 818 536 mortuum
844 497 903 536 esso
919 480 1014 538 sciret,
1032 480 1101 533 intra

135 564 164 618 id
180 571 296 638 tempus,
315 580 369 637 quo
385 564 498 638 elugere
512 567 600 621 uirum
616 566 699 622 moris
716 573 766 628 est,
783 565 928 639 nupserit'

198 645 262 706 321.
291 645 497 713 ‘Parentum',
528 651 625 723 inquit.
671 649 720 705 iiio
746 667 839 705 omnes
861 655 986 724 parentes
1013 649 1102 720 accipe

136 734 279 806 utriusque
311 750 406 790 sexust
442 751 502 790 nam
532 735 644 809 lugendi
673 751 721 790 eos
750 734 906 790 mulieribus
941 733 1024 788 moris
1050 741 1100 788 est.

133 833 298 891 quamquam
326 817 487 891 Papinianus
518 819 563 874 lib.
591 819 622 874 ll.
665 817 859 886 Quaestionum
876 820 955 874 etiam
977 834 991 872 a
1011 817 1102 873 liberis

135 903 226 958 uirilis
241 919 322 958 serus
338 902 474 976 lugendos
490 919 551 959 esse
566 904 649 966 dicat:
667 903 740 978 quod
754 905 846 959 nescio
860 903 904 958 ubi
920 903 1027 976 legerit.
1050 901 1102 957 Sed

130 994 270 1060 quatenus
293 987 455 1042 extendatur
475 995 618 1061 parentum
639 988 798 1061 appellatio,
827 1004 881 1043 non
902 998 944 1042 est
964 985 1102 1042 delinitum

131 1071 207 1144 apud
224 1065 417 1145 quemquam.³
443 1073 535 1145 itaque
561 1079 641 1128 erunt
667 1072 780 1146 lugendi
805 1074 885 1128 otiam
912 1089 944 1126 er
975 1073 1102 1126 feminino

131 1173 206 1211 sexu
220 1164 357 1228 parentes.
387 1155 500 1212 Liberos
517 1157 641 1212 similiter
655 1159 776 1229 accipere
797 1155 925 1212 debemus
947 1164 975 1210 et
989 1163 1103 1228 nepotes

137 1247 168 1295 et
192 1239 318 1314 deinceps
344 1241 491 1298 ulteriores
518 1241 642 1315 exemplo
667 1241 828 1314 parentium.
866 1239 988 1314 Lugendi
1015 1247 1103 1295 autem

140 1332 206 1380 sunt
233 1333 359 1398 parentes
392 1342 472 1390 anno,
505 1327 570 1382 item
596 1325 673 1382 liberi
694 1327 809 1381 maiores
829 1325 998 1381 Xannorum
1019 1340 1103 1396 aeque

131 1401 238 1465 auno.⁴
274 1425 355 1483 quem
378 1427 477 1466 annum
493 1410 586 1466 decem
613 1403 788 1467 ’mensuum⁵
810 1426 877 1472 esse,
906 1401 1105 1482 ’Pomponius⁶

116 1493 183 1556 ait.
215 1510 266 1550 nec
279 1494 340 1550 leue
356 1502 547 1569 argumentum
562 1503 612 1559 est,
629 1511 728 1551 aunum
749 1495 926 1550 Xmensuum
948 1510 1021 1556 esse,
1042 1509 1104 1549 eum

137 1578 260 1634 minores
276 1577 353 1634 liberi
369 1587 412 1635 tot
426 1578 564 1636 mensibus
580 1581 755 1654 elugeantur,
777 1587 845 1653 quot
860 1595 992 1635 annorum
1013 1578 1104 1634 deces-

139 1664 237 1724 serint,
253 1679 341 1736 usque
356 1664 389 1718 ad
404 1666 555 1728 trimatum;
572 1668 662 1721 minor
676 1661 756 1721 trimo
772 1681 827 1720 non
843 1664 962 1738 lugetur,
979 1663 1026 1718 sed
1042 1661 1104 1717 sub·

140 1745 267 1819 iugatum
283 1750 371 1804 minor
387 1749 512 1806 anniculo
524 1767 613 1823 neque
629 1751 748 1824 lugetur,
766 1765 853 1822 neque
868 1749 1040 1822 sublugetur.

200 1827 269 1888 322.
293 1832 492 1891 ’Paulluolid
509 1829 583 1890 Vll.⁷
610 1835 695 1891 Verba
721 1843 811 1890 autem
838 1832 918 1888 edicti
938 1834 1004 1888 haec
1024 1837 1101 1886 sunt:
1114 1874 1118 1880 .
1127 1828 1203 1908 ffl'ri'.

138 1913 253 1969 ‘Alieno
269 1917 385 1978 nomine,
402 1919 465 1973 item
481 1935 535 1992 per
549 1918 616 1976 aiios
632 1921 730 1994 agendi
750 1927 914 1992 potestatem
936 1934 990 1973 non
1011 1913 1144 1970 iaciamfl’
1156 1907 1229 1960 ΕΜ)

137 1997 166 2050 in
193 1996 235 2051 his
261 2001 362 2061 causis,
385 2001 411 2054 in
433 2002 531 2073 quibus
553 2021 587 2059 na
608 2005 674 2070 dent
694 2006 879 2077 cognitorem,
901 2018 971 2058 neue
997 2001 1103 2061 dentur,

132 2079 255 2136 edictum
276 2083 493 2156 conprehendit?

202 2161 270 2222 323.
295 2165 372 2233 Quod
392 2169 429 2223 ait
444 2165 547 2226 ‘alieno
569 2173 691 2234 nomine,
713 2173 777 2228 item
794 2187 842 2246 per
863 2171 950 2234 aiios,'
982 2169 1102 2232 breuiter
1112 2187 1170 2228 ota.
1181 2173 1228 2242 [ss]

138 2251 239 2322 repetit
260 2250 314 2306 duo
330 2251 417 2308 edicta
432 2245 436 2329 )
453 2251 653 2330 'cognitoria,⁸
668 2273 760 2318 unum,
777 2255 850 2329 quod
865 2257 985 2328 pertinet
999 2254 1032 2308 ad
1048 2269 1103 2316 eos,

141 2336 188 2406 qui
211 2334 316 2399 dantur,
334 2335 483 2408 ’tullerunt
499 2344 539 2397 od
553 2357 610 2410 eos,
625 2345 676 2414 poi
689 2343 760 2397 dunt
768 2335 806 2412 ,·)9
823 2348 853 2395 ut
866 2341 912 2412 qui
927 2338 1105 2412 prohibentur

139 2418 184 2472 uel
201 2418 265 2474 dare
280 2419 324 2476 uel
340 2421 398 2476 dari
414 2425 581 2497 cognitores,
597 2426 678 2481 iidem
695 2434 722 2481 et
732 2430 922 2499 procuratores
934 2423 998 2479 dare
1013 2423 1105 2478 dariue

133 2511 290 2559 arceantur.

205 2583 274 2643 824.
300 2587 339 2644 (lb
362 2593 557 2665 turpitudinem
580 2603 607 2650 et
630 2595 810 2651 famositatem
834 2593 1012 2668 prohibentur
1032 2592 1106 2664 ’qui-

140 2737 342 2744 -...----—-.-.

141 2836 186 2886 lot
202 2852 238 2886 sc.
257 2841 401 2902 supplenda
419 2858 474 2893 esse
496 2859 586 2896 errore
605 2845 725 2894 librarius
746 2846 856 2908 putauit,
877 2857 941 2906 quoe
964 2844 1040 2887 anteo
1058 2853 1104 2886 ecc·

135 2905 266 2956 ciderunt,
337 2905 368 2970 ¹²)
387 2909 510 2976 Suppteoi
528 2914 595 2974 (item
613 2911 726 2975 Mons).
764 2911 802 2974 Cf.
823 2911 855 2962 L.
876 2918 907 2958 tt.
928 2905 975 2972 88.
996 2916 1015 2955 1.
1033 2914 1053 2954 3.
1072 2905 1104 2957 D.

140 2974 173 3021 de
192 2972 237 3030 itis,
257 2975 301 3037 qut
318 2983 369 3026 not.
388 2978 435 3040 ins.
456 2977 486 3043 (³,
505 2979 538 3044 t).
565 2982 598 3030 L.
619 2991 652 3030 15.
673 2981 700 3033 0.
719 2995 754 3029 ex
772 2979 839 3044 quid.
859 2991 929 3026 eous.
947 2975 995 3037 inf.
1014 2972 1046 3034 (t,
1061 2971 1104 3034 12).
1139 3005 1149 3014 -

138 3037 161 3096 ³)
179 3054 216 3087 se.
235 3043 261 3088 io
278 3041 351 3093 duim
369 3049 448 3096 edicti
464 3050 687 3113 interpretatione.
755 3045 777 3110 ⁴)
798 3047 837 3110 Os.
857 3045 930 3093 Paul·
950 3042 976 3092 S·
990 3041 1021 3090 R·
1042 3051 1058 3097 ¹,
1071 3049 1105 3090 21,

140 3102 170 3165 3.
191 3113 222 3157 13.
259 3108 390 3163 Plutarch.
409 3115 481 3169 Num,
502 3127 534 3166 m.
570 3117 666 3168 Coriol.
687 3125 720 3166 39.
808 3112 828 3174 ⁵)
848 3114 887 3161 De
905 3112 953 3161 dae
969 3110 1053 3173 formo
1070 3107 1105 3168 cf.

139 3170 232 3220 M⁰7⁷²⁸1
252 3176 287 3222 ad
303 3177 326 3226 Ῑῑ·
347 3183 363 3230 ἰ.
432 3184 453 3247 ⁶)
474 3184 680 3250 Superseriptum
700 3191 739 3234 est
755 3185 781 3232 in
798 3182 822 3230 V
826 3177 848 3228 d,
867 3182 891 3229 lt.
914 3192 981 3239 Mrem
994 3177 1106 3225 Cassius?

142 3238 182 3298 Ct-
201 3239 234 3318 L„
252 3249 272 3288 ⁴·
292 3239 319 3304 t·
338 3255 358 3294 2.
377 3251 411 3302 o.
430 3255 462 3302 ae
479 3255 505 3301 ot
523 3257 562 3303 us
579 3269 632 3305 voc.
652 3255 682 3316 (2,
701 3252 734 3314 r),
838 3247 859 3310 τ)
879 3284 885 3297 .
906 3280 913 3294 .
932 3285 938 3297 ,
958 3280 964 3292 .
985 3243 1032 3292 ur.
1056 3240 1106 3294 ua,

139 3305 229 3354 Fumi
248 3309 272 3359 Ρ·
287 3310 327 3358 lib·
343 3312 399 3372 Vll,
419 3335 467 3382 quo
485 3321 551 3371 libro
564 3324 601 3371 cd
615 3324 722 3371 edietum
735 3319 840 3368 Paullus
852 3316 883 3363 de
895 3309 1107 3376 prorcuutoribus

137 3374 199 3435 epit.
242 3376 308 3438 ‘Uip
334 3379 375 3432 lib.
399 3387 523 3439 l,liXVil.’
548 3391 588 3438 ed.
613 3390 704 3440 Moms.
750 3387 790 3434 De
818 3398 847 3431 re
875 3381 909 3442 cf.
934 3379 990 3429 Gai.
1009 3386 1035 3436 4,
1062 3387 1106 3431 itt.

138 3441 160 3502 ⁶)
181 3440 226 3490 Ex
247 3442 336 3492 Hollw.
356 3452 392 3512 ej,
428 3455 583 3513 cognitorium
607 3457 639 3508 V.
708 3452 730 3517 ⁹)
750 3450 880 3514 Suppleui.
