2634 3960
451 215 513 249 ann
532 215 634 251 msam.
654 203 690 252 tv.
711 203 751 253 29.
771 205 812 252 30.
845 270 857 283 r
1064 206 1114 255 273

136 359 260 414 hostiam
284 358 406 418 emisset,
429 373 479 412 nec
500 360 617 430 pretium
638 357 775 420 redderet:
803 359 867 412 item
889 358 1018 414 aduersus
1042 375 1111 423 eum,

1 489 2 501 ,
44 446 49 452 ’
136 445 191 516 -qui
213 441 364 497 mercedem
384 458 440 497 non
461 443 587 498 redderet
607 459 657 518 pro
675 459 707 498 eo
722 444 857 505 iumento,
885 443 958 515 quod
975 443 1112 516 qnisideo
1220 509 1221 514 ἵ

1 509 2 532 ’
141 527 274 588 locasset,
292 533 321 580 ut
336 526 398 583 inde
413 527 553 600 pecuniam
569 535 703 600 acceptam
719 527 746 583 in
762 527 872 598 dapem,
888 527 917 582 id
932 537 973 584 est
988 530 1016 584 in
1032 530 1113 584 sacri·
1192 527 1196 532 '
1257 581 1260 586 .
1287 531 1315 612 ξ

141 610 235 666 ficium
255 610 428 683 impenderem
453 605 456 688 Ι
480 613 545 666 item
567 610 629 684 lege
648 603 838 669 'Plaetorial8
853 611 914 667 data
929 621 971 668 est
988 614 1110 687 pignoris
1123 624 1182 678 198.
1273 603 1315 690 ’.ζῇ

138 696 233 768 captio
254 693 403 769 publicanis
425 697 601 770 uectigalium
616 695 793 768 publicorum
821 697 915 771 populi
936 696 1048 753 Romani
1069 697 1114 752 ad-

142 796 242 834 uersus
264 795 325 841 eos.
354 781 400 852 qni
431 779 519 854 aliqua
539 780 600 854 lege
622 781 768 854 nectipaliu
795 779 933 837 deberent.
992 777 1040 838 29.
1075 781 1114 838 Ex

142 862 269 920 omnihus
298 872 387 920 autem
413 865 473 920 istis
500 866 587 920 causis
611 866 691 920 certis
714 864 806 921 uerbis
825 867 926 939 pignus
949 865 1112 940 capiebatur,

141 957 173 1004 et
189 946 224 1003 ob
238 947 266 1002 id
281 948 421 1022 plerisque
436 949 570 1024 placebat,
592 949 784 1023 huncquoque
800 952 931 1007 actionem
942 950 1015 1026 legis
1031 953 1114 1008 actio·

140 1049 207 1089 nem
230 1049 302 1096 esse;
327 1032 486 1107 quibusdam
507 1041 597 1090 autem
619 1033 755 1106 placebat,
782 1031 878 1107 '(iepis
899 1040 1040 1091 actionem
1055 1054 1113 1093 uon

143 1111 249 1188 essa)9
264 1118 380 1190 primum
398 1118 470 1192 quod
485 1119 609 1192 pignoris
625 1119 714 1190 captio
730 1128 806 1174 extra
820 1119 862 1173 ius
879 1111 1113 1194 peragebatur,'id

138 1209 257 1258 estnon
274 1205 347 1274 apud
359 1210 527 1276 praetorem,
550 1203 712 1276 plerumque
728 1197 808 1258 etiam
823 1203 933 1259 absente
949 1203 1112 1267 aduersario,

141 1301 206 1344 cum
223 1285 340 1358 alioquin
356 1289 453 1343 ceteris
470 1285 619 1342 actionibus
636 1303 691 1342 non
712 1287 791 1342 aliter
806 1289 845 1342 nti
866 1285 968 1360 '(quis)
983 1296 1079 1360 posset
1086 1281 1112 1322 ⁴⁰

136 1386 225 1444 quam
240 1373 313 1442 apud
326 1381 478 1444 praetorem
489 1378 631 1445 praesente
644 1370 813 1436 aduersario;
829 1378 970 1445 praeterea
985 1367 1111 1445 ’(ᾳιιοεί)1

141 1455 254 1511 nefasto
271 1471 382 1529 quoque
398 1455 449 1518 die,
465 1456 492 1510 id
508 1463 558 1520 est,
576 1472 629 1528 quo
645 1467 701 1511 n'on
717 1455 813 1512 licebat
828 1457 889 1530 lege
906 1473 995 1530 agere,
1013 1449 1112 1532 pignus

135 1541 202 1613 capi
218 1547 334 1612 poterat.
726 1561 733 1573 =

93 1687 105 1701 ἱ
208 1619 258 1680 30.
289 1623 344 1680 Sed
363 1626 430 1681 istac
451 1641 544 1681 omnes
569 1625 639 1699 legis
668 1628 787 1682 actiones
813 1627 940 1700 paulatim
966 1629 994 1682 in
1021 1627 1112 1683 odium

107 1702 294 1764 'uenerunm
310 1715 426 1782 namque
442 1727 474 1764 er
490 1711 570 1764 nimia
585 1709 735 1766 subtilitate
751 1719 887 1773 ueterum.
911 1713 957 1784 qui
973 1720 1038 1767 tnnc
1053 1714 1112 1767 iura

137 1793 332 1855 condiderunt.
350 1809 382 1849 eo
398 1810 441 1849 res
456 1793 586 1867 perducta
601 1803 650 1857 est,
667 1800 698 1849 ut
713 1795 757 1850 uel
774 1797 820 1869 qai
835 1797 973 1850 minimum
985 1804 1111 1858 errasset,

141 1880 221 1935 litem
236 1877 376 1951 perderct;
399 1879 490 1951 itaque
505 1895 555 1952 per
569 1878 659 1952 legem
673 1877 814 1934 Aebutiam
830 1886 857 1935 et
872 1878 937 1934 duas
953 1879 1032 1934 iulias
1048 1879 1112 1933 sub·

142 1961 213 2018 latae
228 1969 292 2018 sunt
306 1963 374 2018 istae
389 1962 458 2035 legis
474 1963 593 2018 actiones
608 1962 787 2036 effectumque
803 1971 853 2026 est,
870 1970 901 2018 ut
915 1979 965 2036 per
980 1971 1113 2036 concepte

141 2195 179 2244 In
192 2194 220 2243 C.
235 2195 317 2257 fuisse
333 2197 447 2245 uidetur:
464 2211 519 2244 ecus
532 2198 562 2245 is.
610 2193 643 2258 88)
660 2195 703 2245 Ex
717 2196 871 2258 Graecitcj.
902 2195 1111 2246 Certenonerat

139 2265 314 2327 praediatoria
333 2261 380 2323 (sic
392 2265 432 2313 ed.
444 2261 506 2328 Bp.)
520 2267 560 2314 uei
574 2265 699 2320 censoria,
719 2270 826 2326 utraque
844 2263 902 2312 bine
915 2267 994 2326 plane
1012 2265 1127 2317 alienar'

140 2332 324 2396 praediatoria
336 2333 400 2379 enim
412 2346 463 2380 non
475 2332 511 2380 ad
518 2329 669 2394 publicanos
685 2331 842 2395 uectigalium
858 2330 1004 2394 spectabat,
1017 2332 1065 2381 sed
1076 2331 1112 2380 ed

141 2400 328 2462 praediatores
342 2397 376 2462 (2,
390 2397 426 2461 tit)
445 2405 469 2448 et
488 2395 654 2462 praescripta
671 2401 770 2448 uidetur
784 2398 867 2461 fuisse
884 2400 971 2463 aliquia
988 2400 1023 2448 ad
1035 2413 1112 2464 quae-

142 2472 241 2514 storum
253 2466 341 2529 officia
352 2472 485 2528 spectante
497 2471 552 2529 tepe
565 2463 644 2529 (Piat.
658 2463 715 2515 Cat.
728 2467 785 2517 min.
799 2463 843 2528 16.)
850 2481 857 2522 ;
870 2481 961 2516 censor
971 2481 1032 2516 aero
1045 2469 1110 2516 eius·

138 2533 213 2582 ,modi
224 2535 263 2582 ius
272 2533 415 2596 publicanis
428 2535 492 2582 dare
505 2549 555 2583 non
564 2541 678 2597 poterat.
709 2533 802 2598 Itaque
815 2535 882 2582 inter
894 2535 1011 2584 Plaetoria
1028 2541 1053 2582 et
1065 2534 1112 2582 Na-

142 2600 243 2648 mitoria
256 2602 324 2663 optio
333 2603 492 2666 relinquitur,
503 2617 557 2650 cum
569 2603 640 2650 aliud
650 2601 789 2651 buiusrnodi
800 2615 888 2651 nornen
899 2602 1051 2664 pentiiieiunt
1061 2617 1111 2650 nou

144 2668 188 2716 sit.
224 2667 261 2716 At
281 2684 334 2717 cnm
354 2669 491 2718 Numitorii
512 2676 575 2732 post
595 2670 748 2720 decemuiros
769 2676 828 2718 ante
849 2671 957 2718 seculum
981 2669 1112 2733 septimum

144 2735 251 2783 medium
262 2738 426 2800 mapistratus
439 2736 555 2786 babuisse
572 2752 622 2787 nou
634 2737 817 2800 perhibeantur
828 2744 854 2786 et
865 2736 931 2785 banc
947 2739 1024 2800 tepent
1036 2737 1110 2786 multo

143 2804 306 2852 uetustiorem
322 2804 403 2865 fuisse
416 2819 451 2853 ex
467 2819 497 2852 re
514 2806 573 2867 ipsa
589 2805 728 2867 efficiatur,
745 2803 905 2854 scribendum
919 2805 972 2867 fuit
986 2805 1110 2856 Plaetoria.

144 2869 234 2920 Fuerit
251 2873 361 2920 eiusdem
373 2871 412 2922 M.
425 2872 562 2929 Plaetorii,
582 2879 614 2924 tr.
629 2874 666 2935 pl.
685 2868 722 2934 (ut
735 2877 841 2935 putant,
863 2887 887 2920 a.
906 2889 930 2920 u.
944 2879 1000 2927 388„
1016 2872 1112 2920 rectius

140 2941 277 3004 aliquanto
293 2937 378 3002 post),
396 2940 439 3004 qni
454 2946 480 2988 et
491 2940 567 2988 alium
577 2940 737 2989 iudiciariam
754 2941 832 3002 legem
844 2940 907 2988 tulit.
934 2938 1063 2990 Censorin
1077 2946 1111 2992 tt.

147 3005 236 3055 Varro
249 3007 281 3056 de
293 3006 326 3058 L.
340 3007 373 3054 L.
387 3015 412 3069 6,
427 3015 446 3055 1.
460 3005 488 3069 S.
500 3017 520 3056 5.
567 3004 780 3070 ⁹)-Goesebenum
794 3006 853 3068 sere
870 3011 970 3055 secutus
982 3008 1111 3070 supplevi:

135 3073 257 3135 fortasse
270 3074 414 3122 addendum
423 3081 494 3124 eran
507 3075 626 3140 ‘ideoque
635 3074 682 3124 boc
688 3073 832 3138 placebat’.
854 3071 925 3138 (non)
935 3074 1111 3138 placebatedd.

143 3136 176 3204 ⁴⁰)
195 3147 297 3204 possent
313 3142 453 3206 pleraeque
470 3143 529 3193 edd.
548 3149 574 3190 et
589 3157 645 3190 naeu
658 3143 743 3206 prior.
773 3141 847 3190 Nunc
864 3143 894 3190 iu
908 3142 960 3204 fine
981 3155 1068 3191 uersus
1083 3131 1111 3204 ris

137 3209 235 3257 tectum
248 3223 298 3258 non
310 3223 366 3258 asse
378 3211 464 3261 statui
502 3207 521 3272 1)
535 3209 642 3261 Addidi.

135 3424 169 3493 s.
183 3428 224 3481 aa.
246 3427 287 3490 af.
304 3405 391 3480 Varro
404 3430 436 3479 ae
447 3429 481 3479 a.
495 3431 528 3483 a.
541 3439 560 3488 a,
573 3438 594 3482 a.
608 3440 628 3478 r.
641 3407 689 3494 ss.
703 3438 736 3482 n.
749 3435 782 3480 aa.
802 3428 874 3479 oasa
886 3428 958 3478 rasa
973 3436 991 3485 1,
1005 3435 1038 3476 a.
1052 3425 1111 3474 aaa·

135 3496 216 3548 aaron.
230 3495 285 3546 Sat.
300 3505 319 3556 1,
333 3505 364 3549 tc.
433 3493 459 3564 ξ.
474 3499 514 3550 30.
536 3497 574 3560 Of.
589 3508 607 3556 t,
622 3506 666 3547 isa.
681 3507 701 3556 a,
715 3507 748 3552 11.
769 3497 829 3548 dett.
844 3505 875 3556 16,
891 3505 923 3546 m.

144 3602 148 3640 ἐ
181 3611 305 3650 rvmsra.
319 3613 414 3651 Anam.
428 3614 491 3650 nun.
515 3615 561 3652 nn.
573 3613 605 3649 11.
870 3585 908 3642 18
