2614 3960
271 179 272 184 ¹
334 163 338 168 “
359 173 462 208 ranan.
482 173 539 207 1vn.
559 173 623 212 nou.
642 172 735 207 verre.
755 158 865 208 84-86.
1044 159 1092 206 649

123 333 202 374 nune
217 317 278 388 ipso
295 314 404 387 quidem
420 317 477 369 iure
493 331 550 371 non
571 315 687 378 amittet,
711 312 758 369 sed
778 320 903 388 praetor,
932 313 1093 370 subsecutus

124 400 282 473 exemplum
302 399 370 454 iuris
387 398 495 461 ciuilis,
517 399 611 454 utilem
632 399 765 454 actionem
786 397 858 454 dabit
874 399 1021 455 fructuario
1030 398 1040 453 :'
1067 407 1094 454 et

122 487 165 540 ita
180 483 289 540 Neratio
312 474 339 539 et
362 484 482 538 Aristoni
496 481 618 553 uidetur,
643 489 670 538 et
684 482 849 556 Pomponius
864 483 970 556 probat.
1002 499 1093 557 quam-

127 584 209 642 quam
225 568 344 630 lulianus
366 567 412 622 lin.
434 565 534 622 XXXV.
552 567 610 640 lug.
628 567 740 628 scribat,
768 569 819 639 ipsi
846 568 952 640 quidem
980 570 1022 623 ius
1049 567 1094 622 ad-

127 651 269 708 crescendi
286 645 289 728 f
308 658 470 723 conpetere,
488 669 545 707 non
561 669 631 708 uero
645 652 816 723 fructuario
832 654 868 709 oft
885 669 927 710 eo.
938 645 975 684 ¹²⁴

260 749 261 752 ’
340 749 424 807 [Duae
442 756 486 798 out
504 756 624 814 quattuor
638 750 752 812 pnyfnne
770 751 880 808 desunt]

192 835 242 894 84.
266 837 298 894 Si
313 840 399 894 atteri
414 837 573 908 usufructu
589 841 676 900 serui,
694 841 781 893 atteri
795 854 881 895 seruo
896 841 998 911 leuato,
1013 842 1037 894 is
1048 841 1160 902 cuieea.

126 939 233 980 seruus
248 926 362 995 loqutus
375 921 487 992 fuerat,
496 925 701 983 manumisero,
714 923 816 978 deinde
827 924 1093 980 omissusubaltero
1102 926 1159 972 fia·
1182 895 1202 934 Π

127 1007 321 1079 ususfructus
337 1009 364 1062 ei
378 1013 541 1076 accrescat,
558 1009 807 1062 manumissionem
823 1007 1092 1078 eapostfactocon·

127 1083 314 1160 uoleseere‚⁵
330 1088 440 1145 difficile
456 1091 499 1144 est
512 1089 611 1146 dicere.
628 1107 787 1163 quamquam
797 1107 852 1146 non
867 1092 903 1146 sit
914 1090 1006 1165 longe,
1020 1091 1092 1164 quod
1146 1101 1147 1104 ’

126 1173 269 1231 Marcellus
285 1173 331 1230 lib.
347 1167 440 1228 '’xlit
455 1173 514 1248 mg.
531 1173 633 1235 scribit,
649 1175 672 1229 si
688 1173 793 1230 duobus
809 1191 877 1247 pure
892 1175 1000 1231 Stichus
1020 1175 1094 1248 lege·

126 1270 183 1323 tur,
199 1266 227 1314 et
240 1259 308 1314 alter
329 1259 513 1320 manumittat,
536 1258 603 1313 alter
618 1265 682 1330 post
703 1260 938 1314 manumissionem
961 1258 1093 1332 repudiet,

128 1343 172 1399 ubi
191 1359 247 1398 non
262 1341 292 1396 m
308 1342 452 1405 caducum,
468 1341 619 1398 libertatem
635 1343 724 1398 locum
741 1342 847 1398 habere.
878 1343 1012 1416 idemque,
1029 1345 1094 1399 etsi

63 1475 65 1479 .
130 1429 212 1484 heres
227 1426 394 1483 deliberante
412 1426 541 1500 legatario
557 1429 740 1490 manumittat,
762 1443 824 1483 mox
845 1428 992 1502 legatarius
1013 1445 1092 1501 repu-

130 1513 260 1567 diauerit:
280 1527 339 1566 raam
356 1513 408 1567 hoe
423 1528 488 1566 casu
502 1511 616 1566 litterum
632 1511 691 1567 fore
703 1513 759 1567 ait⁸⁴
957 1571 958 1576 ἵ
1172 1581 1173 1586 ¹

10 1645 12 1652 .
192 1594 240 1651 85.
265 1595 293 1650 Si
320 1605 409 1650 tamen
434 1613 483 1669 per
504 1597 701 1652 damnationem
721 1596 893 1652 ususfructus
916 1597 1033 1672 legetur,
1051 1597 1091 1652 ius

10 1669 12 1676 ¹
56 1720 59 1728 ,
129 1679 303 1736 aderescendi
325 1689 425 1736 cessat:
450 1697 505 1735 non
525 1682 668 1744 inmerito,
691 1681 816 1754 quoniam
838 1681 972 1736 damnatio
1002 1689 1091 1754 partes

127 1764 200 1820 facit.
227 1763 344 1820 Proinde
359 1765 384 1820 si
401 1767 439 1820 rei
456 1764 557 1821 alienae
573 1764 745 1821 ususfructus
766 1765 888 1839 legetur,
911 1775 939 1820 et
956 1782 986 1820 ex
1009 1767 1092 1821 Nero-

127 1850 207 1902 niano
219 1847 395 1904 confirmetur
416 1849 550 1922 legatum,
573 1851 631 1904 sine
646 1848 729 1904 ‹iuhio
751 1849 966 1912 dicendumst,
989 1850 1030 1904 ius
1047 1848 1091 1902 ad·

128 1931 267 1986 crescendi
288 1939 408 1993 cessare,
436 1935 459 1986 si
485 1933 566 1988 modo
591 1942 655 2006 post
682 1935 863 1989 constitutum
894 1932 1092 1988 usumfructum

127 2015 210 2070 fuerit
234 2015 358 2070 amissus.
401 2014 498 2089 quodsi
529 2011 643 2072 ’anteo⁷
666 2019 757 2072 socius
785 2018 902 2078 amittat,
930 2017 980 2071 erit
1006 2015 1091 2072 clauda

129 2099 213 2153 totius
235 2099 341 2172 petitio.
383 2097 524 2170 idemque,
552 2108 579 2154 et
606 2102 629 2154 si
650 2101 756 2155 sinendi
778 2100 859 2155 modo
882 2099 963 2155 fuerit
985 2101 1090 2174 legatus

128 2182 309 2239 ususfructus.
346 2183 386 2236 An
410 2191 499 2239 tamen
525 2184 552 2239 in
578 2178 759 2246 Neroniano,8
788 2185 913 2257 quoniam
940 2184 1091 2257 exemplum

128 2267 316 2323 uindicationis
338 2265 491 2338 sequimur,
508 2266 604 2322 debeat
625 2267 690 2330 diei,
713 2268 807 2323 utilem
823 2270 969 2332 actionem,
994 2269 1090 2323 amisso
1152 2288 1155 2293 ⁴

129 2351 274 2407 usufructu
289 2350 321 2406 ab
337 2351 433 2413 altero,
450 2352 528 2407 alteri
544 2350 666 2415 dandam,
684 2353 776 2424 quaeri
791 2359 897 2425 potest:
918 2360 945 2408 et
965 2360 1033 2427 puto
1050 2369 1091 2407 se·

120 2436 248 2492 'eundum
264 2435 415 2499 Neratium,
433 2435 638 2493 admittendum.
674 2437 704 2492 fn
725 2434 933 2492 fideicommisso
953 2445 1043 2493 autern
1063 2437 1090 2492 id

29 2570 47 2594 =.
134 2521 279 2592 sequimur,
297 2519 370 2593 quod
384 2521 412 2576 in
426 2520 604 2576 damnatione.
735 2580 738 2586 ,

190 2599 239 2660 86.
264 2599 451 2668 ”Nouissime
474 2603 548 2678 quod
564 2607 600 2660 ait
616 2605 743 2668 Sabinus,
771 2607 794 2660 si
815 2608 893 2662 uxori
914 2623 974 2662 cum
999 2605 1090 2663 liberis

129 2689 300 2744 ususfructus
323 2690 444 2762 legetur,
468 2691 573 2745 amissis
600 2689 692 2745 liberis
718 2707 774 2745 eam
801 2690 912 2752 hahere,
940 2689 1019 2762 quale
1044 2691 1088 2752 sit,

130 2773 284 2829 uidendum.
316 2771 348 2827 Et
364 2773 497 2846 siquidem
512 2769 565 2828 ‘do
581 2774 662 2850 fego'
677 2774 802 2848 legetur,
819 2775 926 2830 tametsi
941 2774 1002 2846 quis
1018 2773 1088 2828 filios

128 2857 272 2930 legatarios
288 2859 436 2932 acceperit,
449 2860 507 2914 sine
523 2857 604 2914 (lubio
620 2859 710 2914 iocum
726 2857 833 2913 habebit
853 2864 967 2932 propter
981 2858 1022 2912 ius
1044 2856 1089 2912 ad-

129 3038 169 3103 na)
191 3041 379 3105 Hoffmsuppf.
448 3038 470 3102 5)
489 3041 535 3090 Ad
551 3043 702 3093 sententiam
717 3042 844 3104 supplent.
873 3041 912 3089 De
929 3040 1091 3104 sequentibus
1172 3066 1177 3074 ‹

129 3109 161 3168 ef.
181 3109 212 3156 L.
232 3119 265 3158 15.
285 3109 316 3157 Ι).
335 3111 367 3157 de
385 3107 438 3160 reb.
459 3109 516 3158 aua.
535 3109 579 3170 (aa,
598 3108 629 3171 5).
649 3109 682 3158 L.
701 3117 785 3158 st-ao
800 3124 844 3172 pr.
863 3109 895 3157 D.
914 3109 950 3156 ad
966 3109 983 3156 l.
1002 3108 1089 3171 nquit.

130 3176 158 3234 (a,
177 3179 208 3231 a).
244 3175 372 3224 Extremo
389 3175 467 3225 uerba
485 3182 590 3226 exstant
608 3176 641 3228 L.
660 3185 679 3225 3.
699 3177 733 3225 D.
752 3177 784 3226 de
802 3191 907 3226 monam,
927 3177 993 3227 vinzd.
1008 3175 1052 3236 (to,
1067 3176 1088 3234 2)

130 3257 163 3290 em
182 3240 239 3304 usp.
257 3243 300 3291 lib.
320 3242 472 3308 XVILstd
488 3241 549 3294 Sat.
636 3243 657 3304 ⁶)
677 3246 720 3292 An
738 3243 806 3293 Xifi‘f
841 3244 881 3304 Cf.
901 3243 933 3291 L.
953 3251 986 3292 31.
1006 3243 1038 3290 D.
1058 3243 1090 3290 de

130 3317 224 3360 testum.
249 3311 299 3358 mit.
323 3310 370 3371 (aa,
391 3309 422 3371 t).
526 3311 546 3371 7)
570 3311 610 3358 De
628 3311 725 3360 Burni.
750 3313 785 3373 ej.
821 3321 874 3360 ante
898 3319 919 3358 ct
945 3311 1005 3359 Vnt.
1030 3310 1088 3357 edd,

130 3377 148 3437 8)
168 3376 208 3438 Cf.
230 3377 285 3428 Gai.
304 3386 330 3433 2,
348 3386 394 3426 197.
482 3377 503 3440 ⁰)
520 3379 556 3426 ·In
574 3379 699 3440 epitomen
716 3380 816 3443 redeyit
833 3380 896 3428 doec
914 3379 946 3428 L.
966 3387 986 3430 8.
1004 3378 1037 3426 D.
1057 3377 1089 3424 de

55 3438 65 3452 “
130 3444 208 3507 usnfr.
228 3459 298 3494 orer.
317 3441 349 3506 (t,
368 3443 402 3508 2).
437 3444 478 3507 Cf.
501 3447 549 3498 Cic.
568 3461 618 3509 pro
637 3445 712 3495 Cocc.
730 3453 757 3500 4,
770 3461 850 3510 supra
870 3444 896 3508 S.
916 3454 948 3494 73.
