2648 3974
189 170 239 219 348
335 153 688 231 canv1u11’scnevonnn(i)
707 183 751 218 rra.
771 183 885 219 Dosara.
905 171 1014 222 11-15.

251 322 290 382 11.
313 324 510 398 Proprietarius
526 342 587 380 curn
602 342 726 399 seruum,
748 327 824 380 cuius
840 325 1012 398 ususiruetus
1028 325 1060 380 ad
1076 324 1171 392 aliurn

150 427 155 438 ·
186 411 313 482 pertinet,
332 427 387 465 non
403 417 495 482 potest
510 409 629 465 uindicta
643 412 840 472 manumittere,
858 409 981 466 obstante
998 408 1156 468 usufructu:

187 503 215 548 et
238 496 261 549 si
283 495 467 550 manumiserit
488 511 550 549 eum
571 493 702 556 uindicta,
724 493 804 550 ieeiet
825 511 934 550 seruum
955 496 1013 550 sine
1035 493 1155 548 domino.

186 578 234 634 sed
250 577 373 634 Latinum
390 577 476 650 (inter
491 581 598 636 amicos
612 582 834 635 manumittendo
847 580 954 650 fucere
968 586 1075 650 potest,
1099 585 1157 632 ium

186 667 305 732 scilicet,
324 680 387 718 cum
402 663 593 734 ususfructus
609 681 665 720 uon
681 669 791 719 mutato
807 667 919 719 interim
932 667 1081 720 uoluntate
1092 665 1157 734 fini-

187 755 233 802 ius
250 740 359 818 erit).⁵⁰

249 829 294 888 12.
318 831 484 904 Peregrinus
500 833 681 894 manumissor
696 848 806 887 seruum
821 848 876 888 non
892 840 984 904 potest
999 831 1046 886 'ad
1057 829 1158 885 Latini-

187 923 270 970 tatem
286 909 460 989 perducere,¹
478 917 539 988 quia
554 917 596 971 lex
612 917 695 979 iunia,
713 933 782 988 quae
796 915 953 972 Latinorum
970 933 1055 990 genus
1071 917 1158 972 intro-

186 999 277 1062 duxit,
300 1017 355 1056 non
371 1001 489 1074 pertinet
505 1000 537 1054 ad
552 1002 724 1074 peregrinos,
752 1001 822 1055 sieut
838 1009 866 1056 et
881 999 1035 1056 Octauenus
1049 999 1156 1073 probat.

184 1083 298 1140 Praetor
319 1083 439 1156 ’(tumen
456 1089 501 1140 uet
515 1077 705 1156 proconsuti²
727 1101 782 1139 nou
804 1087 943 1158 permittet
963 1087 1157 1141 manumissum

185 1169 306 1232 seruire,
330 1171 381 1224 uisi
396 1169 474 1224 aliter
491 1170 552 1242 lege
569 1171 713 1243 peregrina
729 1177 866 1224 caueatur.
1158 1235 1159 1238 Ἴ

247 1250 292 1310 13.
323 1253 409 1310 itiner
429 1255 527 1324 uiginti
549 1270 680 1309 annorum
707 1255 897 1309 manumittere
924 1270 1012 1327 neque
1039 1254 1157 1311 uindicta

184 1332 277 1410 potest
304 1355 392 1411 neque
415 1346 592 1400 testamento,
615 1340 706 1410 itaque
733 1354 783 1394 nee
796 1337 922 1393 Latinum
937 1339 1024 1394 iecere
1049 1347 1156 1412 potest;

185 1429 291 1476 tantum
307 1424 382 1476 enim
394 1422 464 1495 apud
479 1423 622 1478 eonsilium
637 1429 730 1495 pote'si
746 1423 935 1478 manumittere
952 1440 1063 1478 seruum
1078 1439 1156 1479 suum

185 1521 264 1560 eausa
280 1505 401 1578 probata.

246 1586 291 1645 14.
316 1589 340 1644 ls
356 1597 459 1652 autern,
478 1592 524 1662 qui
540 1591 739 1646 manumittitur
754 1592 826 1645 inter
841 1593 955 1653 amieos,
973 1599 1159 1666 quotcumque

185 1681 227 1728 est
249 1689 395 1737 annorum,
418 1673 528 1729 Latinus
552 1673 595 1736 iit,
618 1683 645 1730 et
668 1682 770 1732 tantum
787 1677 811 1730 ei
826 1677 879 1732 hoc
894 1675 1007 1748 prodest
1030 1678 1157 1750 ’triginta

183 1773 315 1812 armorum
338 1751 445 1821 aetns,³
471 1766 501 1813 ut
521 1766 616 1831 postea
637 1761 736 1815 iterum
758 1761 846 1832 possit
869 1759 988 1815 uindicta
1008 1761 1054 1816 uel
1074 1769 1159 1816 testa·

186 1851 279 1898 mento
296 1845 450 1899 manumitti
465 1853 492 1899 et
509 1845 576 1899 ciuis
592 1843 728 1900 Romanus
745 1842 812 1899 tieri.

246 1923 289 1982 15.
314 1927 412 1984 Mulier
426 1929 484 1984 sine
500 1929 600 2002 tutoris
616 1930 778 1984 auctoritate
794 1945 848 1984 non
864 1936 956 2001 potest
972 1927 1073 2000 'iinter
1088 1933 1158 1985 orni-

182 2027 233 2068 cos
254 2007 502 2084 metuunu'ttere),²
526 2013 577 2068 nisi
603 2015 646 2068 ius
675 2012 822 2068 liberorum
851 2012 955 2068 habeat.
1001 2023 1066 2069 tunc
1087 2015 1159 2069 enim

181 2247 356 2308 reponendum
369 2253 479 2296 estante
493 2237 647 2310 χρώμεθα.
669 2245 709 2308 Os.
723 2246 825 2294 similem
835 2243 974 2294 Scaeuolae
986 2248 1064 2294 locum
1075 2245 1108 2292 L.
1122 2253 1157 2295 93,

182 2310 208 2374 3.
223 2321 242 2360 3.
262 2313 295 2360 D.
316 2315 348 2362 de
364 2316 439 2362 solent.
459 2310 512 2375 (te,
526 2313 553 2376 3)
574 2321 598 2362 et
616 2315 648 2364 L.
664 2322 684 2361 e.
703 2311 729 2375 3.
749 2322 769 2360 2.
792 2313 822 2361 D.
841 2312 907 2376 quib.
926 2314 990 2362 mod.
1008 2313 1078 2374 pion.
1095 2314 1155 2360 soto.

183 2381 227 2439 (20,
243 2378 281 2440 6);
295 2381 326 2429 de
339 2396 368 2428 re
384 2381 441 2444 Uip,
456 2391 482 2438 1,
497 2387 528 2430 ts.
548 2382 622 2430 Paul.
635 2389 660 2437 t,
677 2390 707 2430 12.
726 2379 751 2442 3.
767 2390 786 2429 1.
840 2377 871 2441 ⁵⁰)
889 2379 951 2430 Tute
964 2381 1025 2443 quid
1035 2380 1158 2442 supplen-

182 2447 248 2495 dum.
268 2447 327 2496 Non
339 2449 404 2496 idem
417 2451 485 2497 ualet
496 2450 523 2496 in
534 2449 726 2498 manumissione
736 2449 848 2496 uindicta
859 2447 930 2512 (etp.
943 2458 960 2506 t,
976 2446 1019 2510 to),
1033 2461 1097 2510 quae
1110 2461 1156 2495 eac·

180 2529 277 2576 pressu
294 2515 444 2564 condicione
462 2518 502 2564 uel
519 2517 560 2564 die
577 2517 682 2564 uitiatur
701 2512 744 2577 (de
756 2517 837 2564 tacite
855 2517 903 2565 uid.
917 2516 949 2564 L.
967 2524 998 2564 15.
1011 2515 1044 2562 D.
1058 2515 1090 2563 de
1102 2530 1155 2562 mc·

181 2596 245 2631 num.
260 2589 299 2638 to,
314 2580 335 2639 t)
358 2587 384 2629 ct
408 2584 434 2630 in
451 2585 555 2646 quoius
573 2589 599 2631 et
615 2585 724 2639 initium,
746 2598 797 2632 non
814 2586 930 2633 voluntas
946 2589 1086 2646 spectatur.
1116 2583 1162 2631 De

181 2650 375 2698 testamentoria
400 2652 593 2699 menzrmissione
616 2650 696 2700 lOtus
719 2651 742 2700 Ιι.
758 2653 773 2700 l.
798 2666 848 2700 non
873 2653 940 2714 affin·
964 2652 1062 2700 idcirco
1084 2657 1159 2713 pute,

180 2717 299 2780 quonium
312 2731 343 2764 ec
353 2718 490 2780 lonyiorem
505 2724 641 2766 tractatum
650 2717 773 2772 habebnt:
786 2719 812 2766 in
826 2734 857 2767 eu
869 2719 942 2773 enim,
954 2725 982 2766 ut
994 2719 1161 2768 condiciones

180 2791 285 2842 tuream,
300 2791 372 2833 netas
384 2787 453 2834 serui
465 2791 607 2847 spectatur.
637 2785 702 2834 Nunc
714 2787 795 2835 minor
807 2799 857 2834 m
873 2801 995 2834 annorum
1008 2791 1163 2835 testamento

178 2855 345 2902 manumissus
356 2853 466 2902 Latinus
475 2854 506 2914 fit
519 2854 627 2916 ideoque
649 2854 725 2901 etiam
742 2855 948 2916 aproprt'etnrio
964 2857 1034 2901 recte
1051 2855 1089 2901 sie
1107 2869 1159 2900 ma·
1209 2902 1213 2909 ,

177 2921 338 2973 ntrmittitur:
355 2935 429 2970 eccur
446 2921 471 2969 in
484 2923 644 2970 maiorem
661 2936 792 2982 annorum,
806 2921 855 2969 nt'si
867 2927 893 2968 et
904 2920 992 2968 leunct
982 2927 1092 2970 testator
1103 2919 1157 2971 La·

177 2987 257 3036 tinum
277 2994 372 3036 tanturn
388 2989 479 3050 fecere
497 2991 613 3038 notuerit.
597 2987 687 3050 th.
706 2989 738 3036 L
759 2998 791 3037 15.
811 2990 853 3036 cit.
915 2985 934 3047 ¹)
951 3002 1031 3072 προς
1041 2987 1164 3036 λατινον

176 3053 277 3118 (potius
299 3045 421 3117 Λατιον)
449 3071 590 3119 ntuetr:
614 3056 645 3103 ad
670 3057 767 3105 latinum
792 3057 923 3118 perducere
951 3055 983 3104 V.
1013 3049 1160 3118 ᾇωμαικον

174 3120 346 3186 notrices:
360 3124 470 3172 Latinum
490 3120 609 3172 iac'er.eS
622 3124 727 3173 Lecton.
759 3121 814 3172 Sed
830 3123 894 3172 llaec
909 3123 1014 3185 facilior
1031 3123 1106 3171 lectio
1123 3137 1163 3170 ecc

174 3193 266 3254 grinosa
278 3192 380 3240 vedetur
392 3198 478 3239 enotc.
527 3189 548 3254 ²)
564 3190 705 3254 Suppieoi;
716 3193 877 3254 proconsulis
890 3192 954 3238 enim
967 3205 1040 3254 quom
1051 3191 1163 3238 manime

176 3259 542 3322 iricnzentioerotfaciendu.
597 3257 670 3324 4·)τη
691 3257 847 3321 ελευθερια
863 3258 895 3306 V.
894 3249 1163 3340 ἐλευθερίαΒπ-
1126 3289 1164 3299 -

175 3327 319 3376 libertasS.
334 3327 395 3376 edd.
426 3325 481 3376 Sed
498 3334 647 3388 corruptum
668 3328 785 3376 ittodeet
804 3315 901 3376 eoei'’
889 3323 960 3375 acciu
978 3317 1088 3390 ἡλικία.
1121 3323 1161 3386 Cf

173 3393 201 3455 3.
216 3404 249 3445 tr.
281 3396 328 3444 hoc
353 3410 375 3444 er
386 3395 496 3458 procedit
514 3409 703 3443 manumissione
716 3394 818 3442 caeam
874 3391 987 3455 ².)Edd
1000 3407 1079 3442 menete
1091 3399 1165 3440 reete

157 3523 159 3528 A
175 3477 221 3509 om.
235 3463 299 3510 inter
312 3463 410 3511 anticos
