2634 3974
440 191 514 228 avan
533 191 638 227 esuum
657 179 794 229 sannlll.
813 177 837 226 6.
1065 179 1116 228 109
1162 233 1163 236 ¹
1293 215 1303 244 3

146 336 223 392 omni
237 335 296 390 iure
311 351 376 397 suo,
393 335 464 390 sicut
478 335 610 390 instructa
626 341 675 396 est,
692 333 789 407 legata,
808 331 908 388 urbana
922 330 1034 396 familia,
1050 333 1114 388 item
1145 383 1146 388 ,
1165 327 1167 330 ’
1213 339 1282 388 ‘a

145 416 265 476 artifices
288 426 314 474 et
336 411 486 475 ’ostiarii⁷9
506 426 534 473 et
554 419 645 474 zetarii
666 425 694 473 et
714 418 816 490 aquarii
838 413 924 491 eidem
945 417 1037 472 [lomui
1059 433 1116 472 ser·
1157 469 1159 474 ,

143 505 253 560 uientes
275 502 366 577 legato
388 501 496 559 ueniunt.
554 498 604 560 59.
629 500 771 564 Omnibus,
799 517 866 575 quae
890 503 918 558 in
939 500 1020 558 domo
1041 509 1115 563 sunt.
1188 523 1189 528 ¹

141 587 260 662 legatis,
277 586 415 643 cautiones
431 584 582 642 debitorum
598 578 851 658 'emptionosque8⁰
865 601 1008 642 seruorum
1023 585 1115 659 legato
1168 623 1183 650 „
1211 643 1213 648 ,
1232 643 1241 650 η
1251 577 1296 674 ᾖ),

144 663 261 742 '(non)¹
278 669 387 740 cedunt.
447 663 498 726 60.
523 661 827 743 ’Montibus21egaus.
849 685 943 724 aurum
958 668 1003 726 uel
1018 685 1115 743 argen-

143 764 206 810 tum
220 771 276 809 nou
286 751 419 816 ¹debetur,
440 754 493 810 nisi
513 751 547 809 de
562 753 603 809 his
620 769 728 833 quoque
745 753 885 808 manifeste
900 754 1018 810 sensisse
1033 760 1116 809 testa·
1191 757 1192 762 ’

146 847 237 894 torem
264 839 352 911 possit
378 835 493 894 ostendi.
560 832 603 893 61.
638 837 821 897 Instrumenlo
850 838 983 910 cauponio
1013 836 1114 912 legato,

105 979 108 982 ,
142 919 249 994 'leuml
267 922 395 995 cauponis
412 920 554 978 tabernarii
570 913 702 984 dicitur,3
717 937 747 978 ea
763 919 910 985 debentur.
927 937 995 994 quae
1010 922 1038 976 in
1053 938 1115 978 carr·
1173 933 1177 938 ·
1220 915 1298 992 ’ζζζζΐξᾏζῗ

145 1006 228 1079 ponis
243 1021 323 1062 usum
337 1014 430 1078 parata
444 1013 524 1067 sunt.
552 1006 629 1061 uelut
651 1021 727 1067 uasa.
753 1007 781 1061 in
797 1004 894 1078 quibus
910 1007 1003 1064 uinum
1019 1004 1114 1062 delun·
1196 1057 1198 1060 .

146 1089 234 1153 ditur:
257 1091 358 1146 escaria
381 1106 491 1162 quoque
506 1098 534 1146 et
548 1089 685 1164 pecularia
700 1106 763 1146 uasa
777 1088 919 1145 debentur.
958 1106 1022 1145 sane
1038 1091 1115 1158 mini·
1185 1099 1193 1104 ‘
1270 1091 1276 1152 j

146 1177 198 1230 stri
214 1190 307 1230 earum
321 1190 411 1230 rerum
427 1173 518 1248 legato
534 1191 590 1230 non
604 1173 714 1232 cedunt.
770 1169 819 1231 62.
843 1169 1044 1229 ⁴Instrumento
1060 1190 1116 1229 me·

146 1257 199 1314 dici
214 1257 328 1336 legato,
337 1258 449 1331 collyria
463 1266 491 1313 et
506 1258 651 1332 emplastra
666 1266 694 1313 et
709 1265 851 1332 apparatus
868 1259 954 1314 omnis
970 1255 1115 1313 conficien-

147 1341 245 1398 dorum
265 1341 536 1406 medicamentorum,
562 1343 683 1415 itemque
709 1341 871 1399 ferramenta
890 1341 982 1416 legato
1003 1340 1113 1397 cedunt.

146 1421 197 1484 63.
221 1420 425 1483 ⁵lnstrumento
441 1428 552 1500 pictoris
573 1426 680 1500 legato.
702 1425 822 1488 colores.
843 1425 975 1499 penicilli.
997 1427 1114 1482 cauteria

146 1517 175 1566 et
196 1510 433 1584 temperandorum
456 1511 579 1567 colorum
601 1527 663 1566 uasa
684 1509 863 1566 debebuntur.
909 1505 958 1566 64.
984 1503 1114 1566 6Pistoris

144 1596 328 1651 instrumento
344 1595 444 1670 legato.
461 1593 555 1658 cribra,
572 1597 646 1656 asini.
662 1595 748 1650 molae
764 1604 791 1650 et
805 1595 892 1657 serui,
909 1596 955 1668 qui
969 1595 1114 1669 pistrinum

148 1687 299 1747 exercent,
314 1681 379 1735 item
401 1681 553 1742 machinae.
581 1678 678 1752 quibus
696 1678 801 1770 ,farinae
817 1678 996 1752 subiguntur,
1023 1678 1115 1752 legato

148 1842 182 1906 ⁷⁹)
201 1843 246 1893 an
266 1821 351 1894 Gaiae.
371 1846 406 1907 ej·
438 1846 543 1894 uestiarii
568 1844 631 1894 aaut.
647 1845 708 1896 'edd¹
789 1842 821 1906 80)
840 1843 887 1892 Em
904 1843 990 1894 Ouiae.
1009 1843 1044 1903 ej.
1075 1853 1114 1890 rai
1173 1839 1178 1854 “
1266 1817 1288 1908 ζ’

151 1913 273 1976 tionesque
291 1912 356 1962 Cdo.
376 1913 434 1962 edd.
466 1909 520 1962 Sea
536 1911 572 1974 ef.
591 1913 623 1963 L.
639 1921 673 1960 12.
691 1909 719 1974 3.
732 1919 766 1962 45.
782 1912 817 1964 D.
830 1912 887 1963 eod.
910 1911 944 1960 L:
956 1918 980 1960 92
990 1925 1033 1974 pr.
1051 1907 1113 1974 81.

149 1979 184 2031 D.
202 1981 234 2030 de
252 1982 299 2044 lep.
319 1987 339 2028 3.
393 1978 413 2042 ¹)
432 1978 479 2028 Em
499 1979 584 2028 Ouiae.
603 1980 639 2042 ej.
658 1979 756 2030 addidi.
789 1977 1059 2043 0111111111..
1080 1985 1113 2024 11.

151 2044 213 2110 §.a
232 2045 388 2110 l..7s.3.1.
408 2048 441 2096 D.
461 2048 492 2097 ue
511 2047 736 2112 tepebsopr.
755 2045 787 2094 Il.
807 2046 905 2108 detep.
925 2055 944 2093 1.
1014 2041 1035 2107 ²)
1055 2044 1115 2092 Hoc

149 2116 176 2163 in
194 2113 259 2164 aaa.
278 2121 379 2171 entare,
398 2113 484 2166 Haen.
503 2130 553 2164 non
570 2115 696 2163 nominata
709 2113 756 2163 Od.
775 2113 967 2166 animaduertit‚·
985 2111 1114 2160 mobilibus
1190 2155 1191 2158 ,
1234 2097 1235 2100 ¹

149 2180 214 2231 Caici.
232 2183 348 2246 plerique
367 2189 392 2231 et
410 2183 468 2234 edd.
499 2179 554 2232 Sed
569 2181 698 2232 mobilibus
716 2181 806 2246 tepetis
830 2195 917 2228 aurum
941 2187 967 2229 et
984 2184 1115 2243 arpentum

148 2263 199 2298 non
223 2250 362 2305 contineri.
386 2251 441 2313 quia
464 2251 555 2298 credat
576 2249 691 2298 Paullum
711 2249 844 2304 statuisse,
871 2263 925 2296 oum
947 2249 986 2296 uel
1005 2247 1115 2310 pecunia

147 2317 277 2382 praesidii
293 2331 371 2366 causa
388 2319 506 2379 reposita
523 2317 701 2367 contineatur?
736 2316 770 2364 L.
789 2323 822 2363 19.
841 2311 867 2377 S.
889 2324 911 2362 1.
928 2314 962 2365 D.
982 2315 1014 2362 eie
1033 2316 1079 2377 lep.
1093 2321 1113 2362 3.

150 2383 187 2432 Εἰ
204 2401 226 2434 v.
247 2385 379 2434 ‘monilia’
398 2385 424 2432 in
442 2385 474 2434 L.
493 2393 513 2435 1.
537 2383 581 2433 Ta
600 2383 629 2435 0.
653 2385 685 2433 de
708 2383 819 2436 thesaur.
839 2379 888 2444 (10,
908 2380 943 2446 18)
963 2383 1066 2445 pariter
1088 2382 1115 2428 in

151 2451 285 2500 ‘mobilia'
303 2457 399 2499 mutata
416 2459 456 2500 est
478 2453 504 2500 in
521 2453 553 2502 L.
571 2467 612 2499 un.
631 2450 656 2502 1.
676 2450 704 2498 0.
724 2451 780 2502 eod.
801 2449 848 2508 (11,
867 2448 912 2510 11).
949 2449 989 2497 Ab
1008 2462 1071 2497 auro
1090 2453 1115 2496 et

153 2525 261 2578 arpenta
279 2525 361 2566 autem
378 2526 534 2580 separantur
550 2519 651 2567 monilia
669 2518 743 2564 etiam
754 2517 781 2564 in
793 2516 826 2564 L.
839 2525 874 2567 11.
891 2515 935 2566 Tb.
951 2515 978 2566 0.
992 2517 1023 2564 de
1036 2516 1114 2577 episc.

151 2585 213 2632 eccl.
234 2581 282 2646 (lb,
300 2584 331 2642 1).
362 2584 395 2634 L.
414 2593 434 2634 1.
458 2583 504 2638 Tb.
525 2584 553 2637 0.
572 2585 603 2633 de
621 2583 679 2632 bon.
695 2598 797 2645 procer.
817 2581 851 2644 (a,
870 2579 916 2644 11).
952 2581 1068 2632 Ceterum
1090 2582 1114 2628 in

149 2656 239 2698 nostra
252 2651 306 2698 loco
319 2655 388 2698 uetus
399 2652 496 2705 citium.-
514 2652 580 2699 unde
593 2655 657 2699 enim
668 2650 719 2698 nist
730 2665 765 2699 etc
776 2649 823 2697 bac
836 2648 984 2712 Byzantini,
1002 2647 1114 2696 Harme-

151 2719 268 2780 nopulmn
287 2717 343 2765 dico
362 2726 381 2771 a,
401 2725 423 2764 11
443 2716 497 2779 (10).
517 2713 543 2779 S.
561 2726 603 2774 11..
621 2731 669 2766 sua
685 2716 839 2766 baueement?
908 2713 930 2777 ⁸)
952 2714 1040 2764 Verba
1058 2727 1113 2763 cau-

151 2798 227 2847 pones
252 2781 302 2845 (uel
324 2781 448 2847 cauponis)
472 2784 599 2833 tabernarii
622 2785 732 2832 dicuntur
754 2785 780 2832 in
800 2783 883 2831 mullis
900 2782 966 2832 aaa.
989 2786 1114 2844 tenuntur,

149 2853 230 2902 uariis
248 2852 310 2900 loeis
326 2851 419 2914 posita.
458 2850 549 2911 Quibus
566 2858 594 2900 ut
610 2853 759 2916 plossemate
782 2851 870 2900 eiectis
893 2849 972 2914 (quod
993 2849 1115 2898 baetenus

149 2915 398 2981 amalasuntam),
414 2925 513 2981 pupnat
536 2919 599 2968 baec
621 2921 746 2968 sententia
768 2933 821 2966 aum
838 2917 871 2966 L.
892 2926 924 2965 11.
943 2913 970 2979 S.
990 2925 1010 2968 1.
1028 2915 1062 2963 1).
1083 2915 1114 2964 ele

149 2989 223 3038 instr.
242 3003 264 3036 a.
283 2988 398 3038 instrum.
419 2981 462 3047 (33,
480 2984 511 3048 1),
530 3001 577 3035 nee
595 2987 733 3036 eoncordat
751 3001 804 3034 oum
815 2986 902 3048 ,ipsius
914 2985 1000 3034 Paulli
1014 2989 1115 3034 senten·

150 3057 185 3104 tia
207 3056 234 3103 in
252 3053 285 3102 L.
305 3061 330 3102 13
345 3069 388 3116 pr.
409 3052 442 3101 D·
462 3054 535 3106 eod..·
558 3053 670 3103 adbibita
689 3068 748 3105 uero
767 3059 792 3102 et
809 3053 847 3102 sio
864 3058 893 3101 ut
911 3051 1016 3114 fecimus
1034 3065 1115 3101 emen-

148 3123 210 3171 data
237 3122 411 3170 demonstrant
435 3121 623 3170 instrumentum
649 3121 771 3185 cauponis
798 3118 952 3178 tabernarii,
980 3124 997 3172 t.
1021 3135 1046 3169 e.
1073 3118 1116 3183 qui

148 3191 216 3252 ipse,
235 3203 286 3237 non
300 3203 352 3252 per
368 3189 522 3247 institorem,
546 3203 685 3251 cauponam
707 3195 813 3238 exercet
836 3185 882 3249 (cs.
902 3188 935 3237 L.
954 3195 973 3236 1.
993 3185 1020 3250 8.
1041 3196 1060 3236 5.
1079 3186 1113 3236 1).

148 3263 241 3305 nautae
260 3270 334 3319 caup.
354 3262 378 3312 1,
398 3253 434 3315 9),
453 3256 519 3304 unde
535 3263 627 3318 postea
646 3262 739 3304 tantum
757 3256 866 3304 ministri
885 3256 937 3304 uini
958 3253 1117 3317 defendendi

147 3326 187 3372 oet
213 3322 262 3372 cibi
284 3322 439 3388 parripenclt
464 3329 701 3379 commemorantum·
732 3326 818 3386 itaque
844 3324 913 3371 locus
939 3337 993 3370 cum
1022 3319 1115 3369 ceteris

146 3392 239 3454 optime
258 3391 394 3448 consentit,
419 3389 506 3454 quibus
528 3391 595 3440 adde
615 3391 645 3443 L,
666 3397 698 3439 11.
717 3388 744 3452 3.
763 3401 781 3442 1.
801 3391 858 3441 eod.
928 3385 948 3450 4)
970 3388 1009 3451 Of.
1027 3388 1060 3436 L.
1082 3395 1114 3438 18.

149 3454 175 3520 S.
196 3467 228 3506 ro.
248 3459 282 3508 11.
302 3458 358 3507 eod.
446 3455 466 3520 ⁵)
488 3457 526 3520 Cf.
543 3459 576 3506 L.
596 3466 628 3506 tt.
647 3458 680 3506 D.
700 3458 757 3506 eod.
843 3453 1112 3520 ⁶)0tL.1s.s.1.
