2634 3960
242 160 291 208 238
525 174 587 208 cart
606 173 709 206 rnsrrr.
729 159 769 208 111,
790 158 849 208 123.
870 157 926 207 124.
1011 189 1018 204 .

239 309 399 370 beneficium
424 313 542 386 supersit
549 329 555 372 ;
587 319 614 364 et
641 312 735 386 utique
756 316 831 365 extra
850 307 957 366 ltaliam
978 315 1115 383 superest;
1130 332 1131 340 ¹
1145 325 1209 364 nam

239 395 291 452 lex
311 397 418 470 quidem
435 395 513 450 Furia
533 401 637 450 tantum
658 395 686 449 in
701 393 779 449 ltalia
795 394 881 457 ualet,
906 394 1019 467 Apuleia
1040 409 1105 456 uero
1127 394 1208 447 etiam

239 480 267 536 in
289 483 387 536 ceteris
410 481 417 500 ’
423 485 546 550 praeter
560 479 676 534 Italiam
695 481 868 550 regionibus
912 481 978 534 Atia
994 495 1065 534 uero
1081 471 1208 549 6611166-
1279 486 1282 490 ’

240 569 384 620 iussorum
400 564 528 618 condicio
536 586 545 624 ,·
560 580 627 617 nom
643 565 683 618 od
696 555 795 618 nos¹⁰⁹
810 566 862 618 lex
876 562 989 635 Apuleia
1004 579 1060 618 non
1074 562 1209 635 pertinet:

238 649 329 720 itaque
345 648 367 701 si
382 646 500 702 creditor
515 644 547 700 ab
564 663 617 700 uno
635 653 723 705 totum
740 652 904 703 consecutus
920 645 1012 708 luerit,
1028 647 1109 700 huius
1121 645 1210 713 solius

239 733 429 786 detrimentum
451 735 516 799 crit,
540 732 647 786 scilicet
668 731 690 784 si
704 731 742 792 is,
764 747 815 803 pro
832 746 886 802 quo
901 727 1049 789 fideiussit,
1072 729 1210 784 soluendo

170 821 229 873 161.
240 831 296 868 nou
316 819 376 870 stu·
387 817 439 869 sed
458 823 488 870 ut
504 830 542 868 ex
559 807 563 892 Ι
580 831 661 888 supra
677 814 756 872 dictis
771 820 895 888 apparet,
919 814 956 874 is,
978 829 993 866 a
1014 827 1068 884 quo
1089 813 1213 866 creditor

237 903 325 959 totum
345 899 428 972 petit,
446 900 553 972 poterit
573 915 606 954 ex
626 899 741 973 epistula
762 897 817 954 diui
838 896 965 953 Hadriani
986 895 1154 958 desiderare,
1177 905 1213 950 ut

235 998 286 1054 pro
301 984 421 1054 partein
437 1000 467 1039 se
482 983 564 1039 detur
578 985 657 1039 actio.
694 979 758 1040 123.
780 975 923 1038 Praeterea
940 981 1002 1055 lege
1016 972 1207 1050 'Pompeia¹¹⁰

236 1073 346 1122 cautum
361 1079 415 1132 est,
438 1076 468 1124 ut
483 1070 520 1140 is,
537 1068 592 1142 ¹qui
612 1085 760 1142 sponsores
777 1076 823 1123 aut
837 1066 1070 1141 lidepromissores
1087 1065 1210 1137 accipiat,
1307 1098 1312 1106 ι

236 1152 371 1224 praedicat
386 1153 473 1227 palam
489 1162 518 1210 et
533 1154 660 1226 declaret,
677 1161 705 1208 et
720 1154 753 1208 de
770 1170 823 1226 qua
837 1169 868 1208 re
883 1152 949 1206 satis
962 1150 1082 1222 accipiat,
1101 1157 1128 1203 et
1140 1155 1210 1221 quot

237 1252 386 1308 sponsores
409 1248 455 1295 aut
470 1239 704 1313 lidepromissores
721 1239 748 1293 iu
764 1249 820 1294 eam
838 1236 1031 1310 obligationem
1046 1241 1207 1306 accepturus

237 1321 285 1382 sit;
319 1330 345 1377 et
370 1325 422 1378 uisi
446 1323 623 1396 praedixerit,
651 1325 817 1396 permittitur
842 1319 1020 1394 sponsoribus
1041 1325 1068 1373 et
1090 1316 1232 1390 lidepros

236 1405 395 1466 missoribus
430 1409 501 1462 intra
536 1408 606 1462 diem
635 1425 706 1464 xxx.
739 1406 931 1479 praeiudicium
960 1403 1113 1477 postulare,
1152 1418 1209 1474 quo

237 1498 395 1562 quaeratur,
417 1507 450 1546 an
472 1508 504 1546 ex
526 1508 556 1546 ea
571 1490 633 1563 lege
648 1491 815 1563 praedictum
830 1492 881 1552 sit;
904 1496 931 1544 et
947 1489 970 1542 si
985 1487 1131 1542 iudicatum
1146 1485 1207 1540 lue·

236 1575 284 1636 rit,
304 1574 470 1648 praedictum
486 1575 542 1630 ’ita
557 1569 635 1631 non1
651 1591 725 1636 esse,
748 1573 908 1629 liberantur.
954 1589 1007 1645 qua
1021 1572 1083 1645 lege
1098 1569 1207 1624 fideius-

237 1673 329 1714 sorum
350 1660 451 1714 mentio
472 1659 546 1714 nulla
567 1658 609 1720 fin
633 1658 680 1713 sed
702 1661 729 1713 in
753 1675 805 1713 usu
820 1665 875 1720 est,
899 1659 978 1713 etiam
994 1658 1017 1711 si
1032 1655 1207 1710 fideiussores

238 1744 414 1816 accipiamus,
430 1743 595 1816 praedicere.
679 1801 682 1806 ,

299 1823 363 1886 124.
393 1826 445 1882 Sed
467 1825 626 1884 beneficium
652 1826 724 1901 legis
744 1825 884 1882 Corneliae
913 1825 1037 1880 omnibus
1062 1837 1208 1877 commune

145 1965 147 1970 .
237 1920 292 1967 est:
309 1928 362 1984 qua
376 1911 438 1984 lege
454 1911 525 1966 idem
539 1928 590 1985 pro
607 1910 703 1966 eodem
719 1915 791 1984 apud
805 1910 921 1966 eundem
937 1910 1032 1965 eodem
1046 1923 1116 1963 anno
1129 1913 1207 1960 ueta-

140 2062 143 2068 ,
235 2003 282 2050 tur
296 1997 323 2050 in
339 1996 495 2068 ampliorem
511 2012 641 2051 summam
663 1995 777 2069 obligari
799 1995 917 2051 creditae
937 1995 1067 2067 pecuniae
1085 2007 1164 2065 quam
1178 1991 1207 2045 in

235 2097 277 2136 xx
298 2079 387 2142 milio;
414 2087 442 2135 et
470 2081 592 2153 quamuis
618 2097 737 2153 sponsor
757 2080 802 2135 uel
823 2081 973 2153 promissor
995 2075 1067 2148 ’(661
1087 2079 1206 2148 fideius-

236 2156 314 2236 sor)²
341 2165 367 2218 in
394 2165 507 2238 amplam
532 2166 689 2238 pecuniam,
720 2165 797 2220 uelut
826 2166 850 2219 si
876 2163 1031 2218 sestertium
1059 2177 1076 2217 c
1102 2161 1208 2216 milium

235 2265 374 2305 nummum
396 2265 427 2306 se
447 2251 630 2323 oblipouerit,
657 2250 768 2324 'tomen
791 2251 938 2305 duntuccat
953 2236 1207 2318 rfrtalemaaturq3

235 2336 375 2407 pecuniam
395 2343 485 2391 autem
506 2335 634 2390 creditam
653 2335 836 2394 dicimus-non
852 2333 941 2388 solunt
956 2347 1027 2393 eam,
1052 2345 1132 2402 quam
1148 2344 1208 2384 cro·

235 2418 316 2475 dendi
331 2407 410 2475 causa
425 2421 527 2483 damus,
544 2422 595 2476 sed
608 2435 724 2489 ornnem,
745 2436 825 2492 quarn
842 2426 914 2480 tunc,
932 2413 1018 2488 (eum)
1034 2413 1208 2469 contrahitur

236 2503 377 2576 obligatio,
395 2513 500 2560 certum
516 2512 557 2559 est
573 2503 754 2566 debitumiri,
772 2504 799 2558 id
815 2510 865 2566 est,
882 2499 979 2574 (qaae)
996 2501 1054 2556 sine
1070 2498 1126 2555 ulla
1141 2513 1206 2552 con-

235 2633 436 2644 .-..-ss-..-—.-..

235 2717 277 2782 ¹⁰⁹)
291 2720 390 2768 Partim
402 2735 437 2768 erc
449 2719 552 2770 Luciam,
563 2719 659 2781 partim
671 2734 706 2768 ex
721 2718 825 2767 Goesclt.
839 2717 874 2777 ej.
889 2715 998 2763 reatitui.
1036 2709 1079 2773 ¹¹⁰)
1092 2711 1206 2759 destitui

235 2787 380 2850 ‘Gairu’p
394 2796 427 2835 6ο.
446 2787 501 2835 Alii
512 2789 597 2836 aliter.
633 2785 654 2848 1)
668 2801 722 2835 nam
736 2785 762 2836 θ.
782 2799 831 2833 noa
843 2783 901 2831 edd.
941 2780 962 2845 1)
977 2777 1226 2830 Αάιίἱάί1θαί66’.

233 2871 259 2918 p.
273 2863 306 2906 91.
341 2852 365 2918 ³)
380 2854 491 2904 Restitui
501 2853 535 2906 ib.
601 2899 610 2907 ,

234 3048 441 3090 meseonem.
460 3065 491 3074 -
510 3039 549 3101 Of.
563 3039 594 3090 L.
609 3047 641 3088 aa.
659 3039 694 3091 D.
716 3040 748 3087 de
762 3037 833 3100 fidet.
852 3033 949 3098 (461).
1031 3028 1056 3098 ξ.
1072 3033 1129 3082 163.
1149 3032 1203 3092 lege
1289 3049 1293 3058 ,

233 3108 354 3172 Pompeia]
373 3113 401 3156 ut
416 3108 530 3164 uidetur,
549 3113 670 3155 (666666.
701 3105 741 3168 Cf.
755 3104 878 3154 Schotin
893 3102 942 3152 Cic.
956 3107 1024 3152 orat.
1043 3103 1069 3148 in
1082 3098 1153 3150 Orod.
1178 3105 1206 3148 et

234 3177 293 3226 Cur.
304 3181 333 3239 pi
344 3183 384 3224 ³33
397 3173 473 3225 Orelt.
543 3170 569 3239 ξ.
584 3175 640 3222 124.
659 3175 719 3234 legis
732 3171 816 3236 Corn]
827 3173 943 3234 fortasse
956 3170 1067 3219 eiusdem
1080 3183 1104 3219 a.
1115 3184 1139 3216 u.
1152 3174 1200 3214 666.

233 3244 273 3308 Of.
285 3244 355 3294 Fest.
369 3261 392 3292 υ.
407 3242 538 3292 [luciaria.
560 3242 600 3290 De
612 3256 642 3289 re
654 3241 688 3290 L.
701 3249 734 3288 49.
748 3237 774 3302 S.
789 3249 808 3292 t.
827 3241 863 3289 D.
876 3241 907 3288 de
916 3239 988 3300 fidei.
1003 3237 1053 3298 (46,
1068 3233 1099 3298 1).
1119 3233 1152 3286 L,
1166 3242 1201 3282 24.

233 3313 265 3361 D.
279 3313 310 3361 de
323 3313 410 3362 donat.
424 3307 467 3369 (39,
481 3306 513 3370 5).
530 3309 660 3358 Plutarch.
670 3307 743 3358 Caes.
758 3317 790 3356 11.
811 3307 935 3356 Autome.
955 3306 1060 3354 creditae
1071 3302 1202 3366 pecuniae]

233 3380 269 3441 ef.
283 3379 316 3428 L.
332 3389 351 3428 1.
369 3379 402 3427 L.
415 3387 436 3428 2.
450 3375 499 3440 88.
513 3384 580 3428 3-5.
600 3377 633 3425 L.
645 3383 741 3424 ar-aa.
759 3375 792 3424 D.
807 3375 839 3422 de
851 3372 905 3421 reb.
918 3373 988 3423 cred.
1004 3369 1048 3434 (12,
1064 3369 1094 3432 ι).
1117 3369 1146 3419 L.
1161 3376 1201 3415 irs
1279 3421 1282 3430 .

233 3463 272 3509 pr.
288 3456 332 3497 222.
346 3448 378 3496 D.
392 3447 424 3495 de
435 3443 503 3494 verb.
517 3444 582 3508 ripn.
596 3442 641 3508 (50,
655 3440 699 3505 16).
718 3442 751 3494 L.
759 3450 779 3492 2.
792 3439 819 3502 8.
829 3449 847 3490 1.
869 3439 895 3491 0.
911 3440 943 3488 de
953 3438 1033 3487 const.
1047 3452 1103 3500 pec.
1115 3436 1144 3497 (t,
1156 3432 1202 3498 18).
