2634 3960
377 189 438 224 orn
460 189 562 224 rison.
583 175 621 224 tu.
643 175 785 224 reo-122.
1017 175 1065 224 oet
1105 147 1106 152 ’

93 342 240 391 extraneus
257 332 305 393 sit,
329 331 374 404 qui
390 346 404 384 a
419 345 500 384 seruo
517 327 704 385 fideiussorem
718 331 842 402 accipiat,
866 329 925 384 siue
940 328 1065 384 dontinus
1163 327 1165 398 ]
1234 351 1252 412 ἡ.
1264 327 1309 388 *e

96 422 125 475 in
145 417 188 480 id,
210 415 285 490 quod
307 413 357 469 sibi
373 413 510 469 debeatur.
557 409 624 469 120.
649 413 790 468 Praeterea
805 413 945 485 sponsoris
959 421 985 468 et
1002 411 1066 470 fide·

97 501 272 577 promissoris
293 499 373 554 beres
395 515 450 554 non
472 507 594 560 tenetur,
616 500 668 553 nisi
690 499 713 554 si
734 498 767 553 de
788 498 933 570 peregrino
950 495 1066 570 iidepro·

98 589 213 642 missore
234 599 406 658 quaeramus,
434 591 461 637 et
482 583 534 638 alio
556 583 615 638 iure
635 583 729 638 ciuitas
749 583 807 636 eius
828 589 932 644 utatur;
959 579 1067 637 fideius-

98 672 171 726 soris
195 676 284 724 autern
307 669 385 722 etiarn
407 668 485 722 heres
501 674 618 723 tenetur.
662 663 722 724 121.
746 666 812 722 ltem
827 683 945 739 sponsor
960 674 986 721 et
1002 663 1067 721 fide·

100 755 251 830 promissor
266 749 342 824 (per)
357 750 446 826 legem
462 751 567 806 Furiam
583 750 691 806 biennio
707 751 869 814 liberantur,
888 757 915 807 et
931 759 1067 824 quotquot

102 845 183 896 erunt
203 852 314 892 nurnero
337 852 369 891 eo
392 843 526 909 tempore,
555 851 609 908 quo
631 836 745 908 pecnnia
765 837 822 909 peti
842 842 949 908 potest,
976 836 1004 890 in
1026 842 1067 890 tot
1100 827 1103 833 ’

100 931 191 998 partes
212 921 355 976 deducitur
373 921 447 975 inter
470 937 517 975 eos
534 919 679 993 obligatio,
703 927 730 975 et
751 919 851 993 singuli
869 919 960 974 uiriles
976 928 1066 993 partes

100 1009 188 1066 'dore
214 997 406 1068 iubentur;¹⁰⁵
428 1003 601 1060 fideiussores
623 1021 688 1060 uero
716 1011 848 1078 perpetuo
875 1012 1016 1068 tenentur,
1039 1012 1066 1059 et
1145 1000 1146 1003 ’
1230 1007 1234 1018 ‘
1262 1005 1294 1034 “

99 1097 237 1167 quotquot
266 1095 346 1146 erunt
375 1105 502 1150 numero,
532 1089 633 1162 singuli
663 1090 690 1143 in
716 1087 833 1144 solidum
861 1082 865 1164 l
893 1088 1133 1161 obligantur:160.
1217 1121 1225 1132 .

98 1183 198 1248 itaque
209 1177 330 1232 liberum
342 1181 385 1229 est
400 1177 544 1242 creditori,
563 1192 580 1230 a
597 1190 651 1246 quo
668 1176 744 1236 uelit,
760 1171 876 1227 solidum
892 1179 999 1244 petere:
1016 1175 1068 1229 scd
1079 1169 1096 1213 ¹*
1111 1177 1130 1210 s,

101 1279 141 1318 eor
165 1262 289 1330 epistula
312 1261 371 1314 diui
391 1259 540 1315 Hadriani
560 1261 739 1330 compellitur
766 1256 885 1314 creditor
907 1274 922 1310 a
943 1257 1066 1329 singulis,

99 1347 147 1419 qui
162 1343 243 1398 ruodo
260 1342 392 1416 soluendo
408 1347 477 1413 siut,
493 1349 597 1414 portes
608 1348 720 1414 petere.
759 1357 791 1396 eo
805 1341 891 1414 igitur
906 1341 987 1396 distat
1003 1342 1068 1397 haec

104 1427 221 1503 epistula
241 1443 256 1482 a
276 1428 337 1500 lege
353 1425 445 1490 l'uria,
468 1426 584 1500 quodsi
606 1429 665 1500 quis
686 1443 719 1482 er
739 1425 915 1498 sponsoribus
936 1433 982 1481 aut
1003 1423 1068 1482 fide·

98 1511 310 1588 promissoribus
331 1511 464 1567 soluendo
481 1513 602 1574 nonsit,
626 1511 697 1568 'nort
712 1513 774 1567 ideo
788 1513 856 1582 plus
872 1530 889 1566 a
906 1517 1068 1568 ceterorum

101 1613 217 1672 quoque
230 1589 425 1670 perpessuri
462 1597 530 1653 Cum
546 1603 640 1652 autem
654 1600 706 1652 teuc
721 1596 809 1652 Furia
825 1602 936 1652 tontum·
950 1597 978 1651 in
994 1595 1068 1651 ltalia

100 1684 191 1738 locum
212 1680 320 1742 lrabeat,
347 1697 525 1754 consequens
546 1688 602 1750 ert,
632 1687 661 1738 ut
686 1683 715 1737 iu
735 1669 895 1752 prouinciis
921 1697 1068 1753 sponsores

100 1781 212 1840 quoque
232 1773 259 1821 et
284 1763 518 1837 fideprornissores
542 1765 656 1839 proinde
678 1781 708 1820 ac
723 1763 895 1821 fideiussores
917 1767 944 1821 in
959 1766 1069 1839 ’perpe-

104 1843 200 1906 tuum⁷
227 1857 371 1905 teneantur
396 1857 423 1906 et
446 1850 547 1924 singuli
571 1849 734 1906 insolidum
762 1849 930 1923 obligentur,
960 1851 1011 1906 nisi
1038 1866 1070 1904 ex

102 1935 218 2009 epistula
239 1933 440 2006 dillfflttlliiifll
463 1936 489 1990 hi
513 1952 624 2009 quoque
645 1934 778 1991 adiuuari
800 1936 960 1990 uideantur.
1004 1927 1067 1989 122.

102 2020 243 2074 Praeterea
276 2021 348 2074 inter
382 2037 529 2094 sponsores
565 2028 593 2075 et
624 2018 854 2092 lideprornissores
884 2018 928 2074 lex
957 2017 1070 2091 Apuleia

103 2102 236 2177 quandam
257 2105 415 2160 societatem
434 2105 600 2160 introdusit:
623 2121 683 2160 narn
705 2105 728 2158 si
749 2105 809 2176 quis
830 2104 926 2157 borum
944 2102 1005 2175 plus
1022 2118 1070 2156 sua

102 2177 229 2262 portione
254 2187 382 2250 soluersst,
413 2188 446 2244 de
473 2206 519 2252 eo,
547 2188 620 2262 quod
649 2188 764 2260 amplius
791 2186 908 2250 dederit,
936 2189 1070 2243 aduersus

103 2277 212 2328 ceteros
238 2277 376 2332 actionem
402 2275 487 2330 iubet
513 2273 567 2330 ’ecc
592 2290 626 2329 eo
647 2275 723 2346 lege,
752 2286 828 2344 quoe
853 2263 979 2327 scilicet8
1002 2278 1069 2326 onte

103 2357 194 2430 legem
209 2355 314 2412 l'uriarn
330 2358 384 2413 lota
399 2366 453 2420 est,
477 2375 531 2431 quo
554 2366 675 2430 ternpore
690 2359 717 2412 in
733 2355 849 2412 solidum
866 2355 1068 2430 obligabantur:

3 2499 5 2502 ,
104 2441 176 2496 unde
197 2442 348 2513 quaeritur,
375 2453 492 2515 enpust
514 2443 603 2516 legem
618 2441 724 2498 l'uriarn
748 2441 835 2496 adhuc
856 2441 926 2516 legis
935 2429 1069 2514 'Apuleiae

104 2663 129 2706 at
141 2657 201 2706 edd.
222 2672 250 2706 ac
262 2659 302 2710 ed,
316 2658 365 2722 Bp.
380 2669 400 2709 5.
436 2656 479 2719 ¹⁰⁵)
492 2659 602 2707 lieetitui
614 2657 715 2709 ‘Gaius'
727 2666 794 2720 pot.
814 2658 960 2706 lrocabeotnr
974 2657 1001 2706 (l.
1021 2655 1069 2720 (in)

105 2726 187 2774 uiriles
200 2741 222 2789 p.
236 2726 384 2775 necabuntur
400 2727 436 2788 cj.
450 2726 579 2777 Poesrlrm.
593 2725 635 2778 ΙΙ.
646 2742 674 2789 p.
691 2735 721 2774 45.
745 2723 792 2787 (in)
806 2741 828 2774 u.
842 2741 864 2788 p.
879 2724 1017 2789 obligantur
1028 2726 1069 2774 cd.

106 2792 155 2856 Bp,
169 2803 187 2842 5.
229 2791 250 2856 ἢ)
265 2791 373 2842 Restitui
384 2793 416 2842 tt.
429 2802 497 2857 psi.
518 2794 601 2842 Multo
613 2794 721 2842 intrudit
732 2792 861 2842 Poeeciun.
874 2802 940 2856 pu.
981 2790 1002 2855 ⁷)
1016 2808 1069 2856 por·

105 2868 174 2924 petuo
187 2860 278 2912 soter.
293 2861 334 2912 cd.
346 2860 396 2924 Bp.
432 2860 452 2922 ⁸)
468 2863 527 2910 ‘leo
540 2866 620 2910 aretem
633 2861 657 2909 A
657 2862 758 2924 puleio’
775 2861 832 2910 edd.

112 3071 157 3112 lein
170 3066 200 3120 s.]
219 3064 253 3125 cs.
273 3060 300 3125 S.
315 3071 359 3111 too.
390 3064 410 3111 si
429 3065 581 3121 seruauere]
600 3063 636 3125 rs.
654 3062 682 3126 S.
695 3071 727 3112 93.
747 3063 821 3112 Pers.
835 3073 858 3123 5,
872 3070 904 3110 78.
973 3057 999 3126 ᾗ.
1015 3063 1070 3112 120.

112 3130 150 3193 Cf.
165 3139 243 3187 arta.
262 3130 336 3193 Epir.
349 3139 370 3192 o,
383 3139 404 3179 o.
419 3128 447 3192 3.
460 3139 480 3178 2.
501 3130 574 3182 Paul.
589 3140 608 3188 r,
621 3139 654 3182 ιτ.
668 3128 694 3193 3.
711 3139 743 3178 to.
756 3127 782 3192 3.
796 3139 815 3179 2.
829 3129 890 3182 Lu.
904 3136 921 3178 t.
936 3125 967 3191 (a,
980 3129 1025 3193 to).

112 3193 136 3264 ξ.
151 3198 208 3246 121.
228 3199 357 3262 perlegam
370 3197 435 3255 Fun]
449 3199 520 3247 circa
532 3199 628 3246 initium
639 3199 718 3247 recoli
729 3199 816 3263 quinti,
830 3204 856 3246 ut
868 3198 973 3252 uidetur,
987 3199 1070 3246 lotum.

109 3265 147 3327 Of.
161 3273 182 3321 4,
195 3274 229 3314 22.
244 3266 276 3316 L.
290 3273 323 3315 29.
339 3263 393 3328 §.a
406 3265 440 3313 D.
453 3266 535 3314 mand.
551 3264 592 3327 (tt,
604 3264 634 3328 t).
654 3265 687 3318 L.
698 3275 730 3317 25.
743 3265 776 3313 J).
788 3266 820 3315 de
831 3267 891 3328 stip.
903 3280 968 3314 seru.
982 3263 1027 3326 (45,
1038 3263 1071 3327 3).

109 3332 141 3381 L.
156 3340 176 3380 4.
190 3332 223 3380 D.
237 3333 332 3382 dedic.
345 3338 420 3396 temp.
436 3329 480 3394 (44,
494 3331 526 3395 3).
546 3334 578 3382 L.
591 3340 612 3381 4.
626 3329 651 3395 S.
666 3340 685 3380 4.
699 3333 730 3381 L.
743 3347 795 3381 rem
807 3348 869 3396 pup.
885 3328 928 3392 (lo,
941 3331 972 3392 t).
994 3339 1071 3394 partes

106 3401 173 3457 tare]
192 3401 227 3462 es.
246 3401 279 3449 L.
294 3411 314 3449 5.
334 3397 361 3462 3.
376 3409 395 3448 t.
419 3400 451 3450 L.
471 3408 505 3451 34.
523 3397 570 3463 33.
591 3409 609 3449 t.
624 3409 655 3448 ro.
680 3400 712 3451 L.
731 3409 764 3450 ar.
782 3401 816 3449 D.
835 3401 866 3450 ue
883 3401 956 3448 sotere.
976 3394 1024 3462 (ie,
1037 3396 1070 3462 e).

115 3467 220 3517 lldeiuss.
237 3464 302 3526 uero]
321 3467 355 3528 cs.
374 3464 400 3530 S.
413 3475 434 3518 4.
448 3467 473 3516 Ι.
485 3466 509 3518 lt.
524 3473 542 3516 t.
558 3465 592 3531 (t,
605 3466 650 3532 te).
718 3465 816 3534 §.122
839 3469 875 3516 len
891 3467 997 3530 Apuleia]
1012 3465 1069 3528 for·
