2634 3960
453 108 515 144 carr
534 108 639 146 ittam.
657 95 686 144 ll.
707 93 848 145 iou-172.
1093 97 1142 146 183

168 255 226 310 iure
243 251 276 307 ad
291 251 468 306 hereditatem
485 258 610 313 uocatur,
626 257 718 324 potest
734 257 780 306 aut
795 251 932 306 cernendo
954 259 1000 306 aut
1015 268 1065 324 pro
1088 252 1141 306 he-

167 336 232 392 rede
247 335 368 409 gerendo
385 335 429 390 uel
445 336 524 389 etia-m
540 335 611 394 nuda
622 335 763 392 uoluntate
775 335 963 408 suscipiendae
978 333 1139 392 hereditatis
1163 361 1166 365 ·

167 423 247 476 heres
261 419 335 479 fieri:
356 416 437 492 eique
457 419 571 474 liberum
593 428 648 482 est,
670 436 843 493 qtrocnmque
866 426 989 493 tempore
1005 421 1138 484 uoluerit,

166 505 241 562 adire
263 503 452 566 hereditatem
481 501 561 576 (sed)
583 505 654 560 solet
674 513 783 576 praetor
804 503 1006 577 postulantibus
1029 504 1140 560 heredi·

167 590 242 646 tariis
265 587 443 644 creditoribus
465 596 570 661 tempus
592 590 772 651 constituere,
802 589 873 644 intra
895 589 981 661 quod,
1009 591 1034 646 si
1061 589 1137 651 uelit,

167 674 244 729 adeat
265 673 455 735 hereditatem,
477 675 624 736 siminus,
647 682 676 728 ut
697 673 776 729 liceat
796 673 976 736 creditoribus
998 674 1070 730 bona
1092 673 1140 728 de·

169 759 254 815 iuncti
271 757 398 812 uendere.
449 752 513 818 168.
539 757 617 836 Sicut
637 765 727 813 autem
750 775 810 814 curn
833 760 954 813 cretione
971 752 976 835 l
993 759 1072 814 heres
1094 760 1134 814 iu·
1150 766 1192 814 97.

166 844 280 915 stitutus
296 843 347 896 nisi
362 843 479 898 creuerit
500 842 690 905 hereditatem,
709 859 763 898 non
779 840 809 898 fit
824 842 917 905 heres,
934 845 971 898 ita
987 860 1041 899 non
1058 843 1138 898 aliter

168 927 322 988 excluditur
343 943 421 998 quam
437 928 460 981 si
475 943 530 982 non
552 929 668 982 creuerit
689 928 761 982 intra
781 927 808 981 id
828 934 951 1000 tempus,
974 945 1028 1000 quo
1053 928 1139 983 cretio

169 1010 244 1066 linita
258 1012 309 1074 sit;
332 1011 422 1084 itaque
444 1011 507 1066 licet
527 1011 674 1067 antediem
691 1012 819 1068 cretionis
841 1013 1016 1067 constituerit
1031 1011 1140 1067 heredi·

168 1104 253 1152 tatem
264 1112 322 1151 ,non
338 1095 424 1157 adire,
441 1103 530 1152 tamen
545 1098 711 1168 paenitentia
726 1104 802 1150 actus
818 1104 963 1168 superante
979 1096 1022 1151 die
1039 1098 1139 1152 cretio·

169 1183 214 1246 nis¹
225 1179 362 1236 cernendo
378 1180 457 1236 heres
474 1197 534 1235 esse
548 1189 649 1253 potest.
682 1176 748 1237 169.
766 1180 800 1235 At
815 1179 866 1242 hie,
885 1181 930 1252 qui
946 1181 1004 1234 sine
1018 1182 1140 1235 cretione

169 1265 248 1320 heres
263 1264 407 1320 institutus
423 1272 473 1326 est,
491 1258 637 1338 quique¹²⁵
654 1264 686 1320 ab
700 1267 831 1320 intestato
847 1280 895 1336 per
911 1264 999 1338 legem
1017 1271 1138 1326 uocatur,

128 1341 132 1347 ’
168 1351 239 1404 sicut
260 1349 403 1404 uoluntate
424 1349 495 1404 nuda
517 1350 596 1405 heres
619 1349 663 1412 fit,
691 1351 728 1405 ita
750 1356 776 1405 et
798 1349 932 1404 contraria
959 1349 1139 1404 destinatione

169 1435 258 1492 statim
280 1433 313 1487 ab
340 1433 489 1490 hereditate
514 1433 665 1507 repellitur.
718 1429 783 1490 170.
820 1431 910 1488 Omnis
938 1441 1027 1490 autem
1053 1434 1138 1490 cretio

168 1525 244 1574 certo
261 1525 383 1590 ternpore
399 1519 604 1592 constringitur.
643 1520 670 1574 in
687 1535 767 1592 qnam
790 1534 848 1572 rem
869 1517 1010 1574 tolerabile
1032 1527 1139 1591 tempus
1174 1583 1179 1589 ⁶

169 1603 257 1658 uisum
273 1610 315 1656 est
331 1610 439 1658 centum
454 1601 574 1657 dierurn:
596 1611 690 1676 potest
711 1611 801 1658 tamen
816 1603 901 1658 nihilo
924 1603 1012 1658 minus
1028 1604 1087 1660 iure
1102 1603 1139 1657 ci·

168 1687 216 1742 uili
230 1695 278 1743 aut
294 1687 404 1759 longius
421 1695 467 1742 aut
482 1686 593 1742 breuius
610 1694 716 1760 tempus
733 1687 805 1750 dari;
822 1687 932 1760 longius
949 1696 1038 1742 tamen
1054 1688 1139 1742 inter·

168 1771 232 1826 dum
252 1777 363 1844 praetor
383 1779 495 1826 coartat.
546 1767 603 1829 171.
634 1771 666 1827 Et
688 1773 810 1845 quamuis
833 1773 919 1826 omnis
946 1773 1031 1826 cretlo
1058 1772 1138 1826 certis

168 1854 261 1912 diebus
278 1856 496 1928 constringatur,
520 1864 609 1911 tamen
625 1856 675 1910 alia
690 1857 775 1911 cretio
798 1855 919 1928 uulgaris
936 1863 1065 1916 uocatur,
1089 1855 1139 1908 alia

168 1947 305 1997 certorum
327 1939 444 1994 dierum:
466 1940 587 2014 uulgaris
610 1940 671 2002 illa,
695 1957 775 2012 quam
795 1937 886 2012 supra'
900 1940 1088 2011 exposuimus,
1111 1937 1138 1992 id

168 2032 218 2086 est,
231 2025 259 2080 in
272 2041 324 2096 qua
335 2023 492 2080 adiciuntur
502 2025 567 2080 haec
579 2025 675 2079 uerba:
691 2039 803 2088 oureus
817 2039 905 2080 acran
921 2037 1137 2086 Porunrrovuz

168 2115 306 2164 certorum
321 2107 434 2171 dierum
449 2109 478 2164 in
494 2125 546 2181 qua
561 2108 688 2164 detractis
705 2109 746 2163 his
763 2106 852 2162 uerbis
864 2115 954 2162 cetera
970 2105 1135 2161 scribuntur.

168 2188 229 2250 172.
260 2191 377 2258 Quarum
397 2195 548 2248 cretionem
570 2210 666 2266 magna
686 2191 835 2247 dillerentia
855 2199 912 2246 est:
940 2208 1001 2246 narn
1030 2191 1138 2263 uulgari

169 2279 289 2332 cretione
306 2277 366 2332 data
381 2278 449 2334 nulli
465 2277 521 2332 dies
538 2284 734 2350 conputantur,
759 2277 810 2332 nisi
831 2273 928 2348 quihus
951 2276 1042 2330 scierit
1064 2275 1138 2349 quis·

168 2378 235 2436 que,
253 2377 282 2415 se
297 2361 424 2416 heredem
440 2379 499 2418 esse
514 2363 686 2424 institutum,
704 2369 732 2416 et
748 2362 835 2434 possit
851 2377 976 2423 cernere;
1000 2367 1138 2416 certorum

169 2462 236 2501 uero
252 2447 356 2500 iliarum
371 2449 495 2503 cretione
517 2447 578 2502 elata
593 2448 673 2502 etiam
688 2448 833 2508 nescienti,
857 2461 887 2500 se
909 2444 1037 2501 heredem
1059 2445 1137 2500 insti·

168 2538 259 2586 tutum
273 2546 347 2592 esse,
364 2540 541 2588 numerantur
561 2531 618 2586 dies
640 2523 784 2607 coultinui;
807 2531 871 2584 item
893 2530 918 2586 ei
941 2545 1065 2602 qnoque,
1086 2531 1189 2601 1111198.

168 2616 257 2688 aliqua
273 2631 305 2669 ex
321 2631 400 2670 causa
415 2633 526 2671 cernere
540 2615 714 2688 prohibetur,
737 2623 764 2670 et
780 2631 812 2669 co
829 2614 944 2687 amplius
966 2615 1004 2676 ei,
1023 2615 1067 2686 qui
1085 2613 1136 2668 suh

167 2699 328 2755 condicione
344 2699 422 2756 heres
437 2702 578 2756 institutus
595 2709 650 2762 est,
673 2708 780 2772 tempus
796 2696 967 2760 attinentium
992 2697 1064 2753 unde
1081 2714 1136 2752 mc-

169 2879 213 2945 125)
232 2884 258 2936 C.
275 2884 345 2946 quiue
358 2899 393 2932 ecc
404 2881 508 2934 caeam.
521 2883 556 2946 ej.
569 2885 609 2932 ed.
623 2881 672 2945 Bp.
687 2891 706 2932 5.

168 3050 201 3115 (a,
214 3051 259 3115 ao).
330 3049 355 3119 ᾗ.
370 3053 426 3102 166.
446 3051 486 3114 Of.
501 3050 607 3115 33111.
624 3059 666 3099 reo.
689 3051 746 3114 Uip.
761 3059 792 3106 22,
806 3057 839 3098 ao.
902 3043 928 3114 §-
944 3048 1000 3098 166,
1020 3047 1060 3110 (if.
1078 3048 1138 3111 Uip.

168 3130 202 3178 aa,
215 3129 247 3171 re,
263 3119 290 3182 3.
303 3129 322 3167 r.
341 3120 366 3168 J.
379 3123 421 3169 cit.
492 3117 516 3186 ᾖ.
532 3120 587 3170 116,
608 3118 648 3180 Of.
661 3117 716 3167 Cic.
729 3118 764 3166 ad
776 3119 831 3166 Att.
848 3125 882 3174 ta,
897 3123 929 3164 te.
945 3113 970 3177 3.
984 3126 1003 3164 2,
1025 3125 1055 3172 rs,
1070 3118 1137 3178 afin.

168 3188 259 3248 i‘diem
276 3191 434 3238 testamenti’
452 3189 468 3238 i.
482 3204 504 3237 c.
522 3188 642 3236 cretionis
658 3183 788 3250 spatium).
807 3185 840 3233 L.
859 3201 901 3232 un.
925 3183 968 3232 To.
985 3183 1013 3231 0.
1031 3185 1063 3231 de
1082 3197 1138 3230 cre-

167 3257 238 3304 tione
252 3253 286 3317 (1,
302 3253 333 3320 r).
406 3253 432 3322 ξ.
446 3257 502 3304 111.
522 3253 563 3317 Cf.
583 3255 640 3318 [ltp.
654 3263 689 3312 ot,
704 3263 736 3302 ar.
757 3252 809 3301 Cic.
827 3253 863 3300 ad
874 3251 954 3300 Aule.
970 3259 1007 3305 n,
1028 3259 1059 3300 ro,
1079 3247 1104 3311 3,
1118 3258 1138 3298 t.

167 3325 202 3372 de
215 3330 282 3375 erut.
296 3333 315 3381 1,
329 3333 361 3372 22.
381 3322 409 3386 S.
424 3333 468 3375 101.
485 3337 566 3386 supra
585 3321 632 3386 83.
648 3329 692 3370 tot.
708 3329 751 3370 165.
774 3319 883 3368 Tectum.
897 3319 998 3367 Desunt.
1013 3316 1138 3366 Zeiterltr.

164 3391 190 3453 f.
203 3390 289 3454 perci.
303 3391 374 3444 RW.
389 3391 459 3442 XII.
469 3409 498 3454 p.
512 3399 558 3440 311.
628 3385 655 3454 ξ.
670 3390 727 3442 tta,
747 3387 789 3450 Of.
805 3387 862 3450 Uip,
876 3395 908 3442 or,
922 3394 956 3434 32.
