2634 3960
488 113 547 147 aun
569 113 672 148 merra.
692 99 733 149 lll.
753 101 862 150 94—96.
1104 103 1152 152 231

159 262 162 264 ’
184 257 287 312 lectum
303 253 427 311 habeant.
452 262 493 316 ,at
512 254 558 309 illa
580 253 726 310 uerborum
748 253 877 328 obligatio
901 271 978 312 nasu
994 257 1152 313 sedunus?

185 355 330 396 sponsabo
353 339 419 394 adeo
435 340 545 412 propria
566 339 663 394 oinium
680 337 861 400 Romanorum
878 347 931 403 est,
948 347 979 394 ut
994 357 1029 395 ne
1044 341 1152 413 quidem

183 427 212 480 -in
229 423 359 501 Graegum
375 439 528 478 sermonem
548 439 597 497 per
617 424 868 496 interpretationem
883 425 993 502 proprie
1008 425 1152 481 transferri

184 510 282 583 possit,
299 509 422 580 quamuis
439 507 544 570 dicatur
559 525 572 562 a
589 505 687 564 Graeca
703 524 772 563 uoce
784 506 899 581 figurata
915 525 984 564 esse.
1009 506 1058 566 94.
1076 509 1151 565 Unde

182 594 299 655 dieitur,
326 608 381 648 uno
408 609 472 648 casu
498 593 550 648 boc
579 590 663 648 uerbo
693 594 867 666 peregrinum
897 610 1007 666 quoque
1037 593 1151 667 obligari

187 693 282 750 posse,
299 677 376 732 uelut
391 677 414 731 si
435 678 582 751 imperator
597 684 692 731 noster
714 679 862 752 prinoipem
883 678 997 734 alieuius
1012 680 1150 752 peregrini

187 763 282 834 populi
297 761 330 816 de
345 777 410 834 paee
420 762 459 817 ita
470 764 637 833 interroget:
653 775 758 818 anona
772 777 919 821 avuvnnu
934 764 1090 822 saonensi
1106 763 1151 818 uel

183 847 244 919 ipse
259 845 354 900 eodem
369 845 451 901 modo
466 848 666 918 interrogetur:
682 846 755 918 quod
771 844 881 902 nimium
897 846 1035 904 subtiliter
1049 848 1150 904 dietum

184 936 244 991 est,
267 932 329 1002 quia
349 917 458 1003 siquid
481 929 610 984 aduersus
632 931 783 1002 pactionem
806 929 866 993 fiat,
888 949 944 988 non
966 949 998 988 en
1017 932 1174 1004 ‚stipulatu

183 1015 291 1087 agitur,
321 1014 368 1069 sed
398 1015 457 1069 iure
483 1013 546 1070 belli
572 1031 616 1068 res
642 1014 802 1072 uindicatur.
859 1010 906 1071 95.
941 1016 1012 1072 lllud
1036 1016 1150 1072 dubitari

186 1105 287 1171 potest,
304 1100 326 1154 si
342 1091 458 1170 quis⁸⁴l
492 1129 541 1136 —
573 1165 600 1212 0

183 1261 236 1322 96.
262 1308 268 1321 .
287 1309 293 1322 .
313 1309 319 1321 .
338 1308 344 1321 .
364 1259 368 1343 i
386 1267 557 1340 obligentur:
579 1268 672 1339 utique
689 1283 753 1322 cum
774 1268 913 1339 quaeritur
934 1267 967 1322 de
982 1268 1041 1323 iure
1055 1266 1150 1322 llorua·
1161 1277 1218 1328 154.

188 1414 387 1422 ψ

188 1493 219 1560 ⁸⁴)
232 1497 364 1548 Dubitatio
377 1513 407 1548 eo
418 1499 572 1561 pertinuisse
589 1500 700 1556 uidetur,
717 1515 751 1548 aar
768 1501 842 1548 etiam
859 1501 909 1549 alio
926 1501 1036 1550 eiusdem
1051 1501 1150 1562 linguae
1186 1447 1210 1488 ⁹

183 1565 263 1615 aerbo
281 1561 328 1629 (L.
341 1574 359 1614 1.
379 1563 406 1628 S.
423 1575 443 1618 2.
463 1566 496 1614 J).
514 1567 545 1614 de
562 1565 631 1617 verb.
649 1566 697 1616 obi.
715 1575 753 1626 to,
769 1565 789 1628 t)
813 1569 854 1616 ael
867 1569 953 1617 eodem
970 1569 1035 1617 alius
1052 1569 1151 1630 linguae

183 1633 262 1698 uerbo
279 1633 321 1694 (L.
336 1643 356 1686 t.
372 1632 399 1697 3.
412 1641 431 1681 6.
447 1635 504 1686 ead.
526 1632 688 1698 Theophila,
703 1643 735 1682 15.
750 1632 778 1696 S.
792 1632 824 1698 1.)
838 1636 996 1698 respondens
1007 1642 1078 1684 recte
1090 1635 1151 1684 obli-

182 1707 271 1764 getur,
291 1702 360 1764 qnod
372 1701 478 1764 placuit.
508 1701 573 1750 Post
590 1704 696 1766 quaein
712 1704 822 1766 pagina,
845 1719 910 1767 qaae
927 1705 977 1766 legi
993 1719 1042 1753 non
1056 1704 1150 1766 potnit,

187 1769 285 1818 dimisse
299 1768 378 1816 Gaius
389 1769 498 1828 uidetur,
511 1770 588 1832 plane
602 1770 748 1834 quibasdam
764 1771 790 1818 in
802 1772 885 1820 causis
898 1771 972 1819 etiam
990 1771 1088 1820 omnino
1101 1785 1151 1820 nou

185 1837 369 1898 interrogatum
385 1835 468 1885 uerbis
486 1835 606 1900 obligari,
626 1852 690 1902 quae
707 1852 799 1888 causae
818 1853 852 1887 ecc
864 1837 936 1900 Epit.
955 1847 979 1892 2,
993 1846 1013 1884 9.
1034 1835 1083 1898 83.
1097 1846 1116 1886 3.
1130 1846 1150 1888 4.

188 1906 306 1966 cognosci
321 1910 442 1966 pussant:
461 1902 540 1952 ‘Sunt
558 1912 584 1952 et
599 1907 666 1953 alme
683 1904 861 1968 obligationes,
880 1907 947 1969 quae
961 1905 1029 1952 nullo
1044 1919 1151 1968 praece-

187 1973 263 2020 dente
279 1971 481 2036 interrogatione
499 1971 618 2021 contrabi
637 1980 755 2035 possunt,
774 1973 871 2032 idest,
893 1979 920 2020 ut
936 1973 960 2020 si
975 1972 1074 2028 mulier,
1098 1973 1150 2020 siue

183 2053 281 2100 sponso
293 2053 362 2088 uror
371 2039 471 2100 sutura,
483 2041 536 2088 siae
548 2041 597 2087 iarn
608 2042 700 2088 morito
713 2041 795 2088 datern
807 2041 884 2088 dicat.
909 2037 982 2098 Quod
994 2045 1043 2086 tarn
1055 2039 1087 2087 de
1099 2054 1149 2089 rno-

188 2105 276 2154 bilibus
288 2106 363 2154 rebus
376 2123 449 2171 guam
461 2107 492 2156 eie
502 2107 591 2168 fundis
599 2109 660 2168 fieri
671 2113 761 2170 polest.
783 2107 819 2157 Et
836 2121 885 2155 non
896 2109 974 2155 solam
990 2107 1016 2154 in
1027 2104 1076 2154 bac
1088 2105 1150 2156 obli-

182 2175 289 2236 gatiaue
306 2175 364 2236 ipsa
380 2175 468 2222 mulier
485 2173 622 2238 obligatur,
640 2175 688 2222 sed
704 2181 729 2222 et
743 2180 821 2236 pater
840 2175 894 2222 eius
911 2179 936 2222 et
953 2171 1054 2222 debitor
1070 2173 1150 2236 ipsius

188 2242 305 2298 irretiaris,
318 2243 342 2289 si
350 2243 495 2304 pecuniam,
510 2257 582 2306 quam
594 2242 631 2289 illi
642 2239 761 2296 debebat,
774 2255 868 2303 sponsa
881 2241 1026 2290 creditricis
1039 2242 1094 2303 ipse
1108 2241 1150 2289 de·

185 2307 255 2364 bitor,
267 2311 293 2356 in
306 2309 387 2360 dotem
400 2310 505 2360 dixerit.
538 2308 597 2357 Hae
610 2314 705 2358 tanturn
722 2314 775 2356 tres
786 2323 913 2372 personae
926 2310 994 2356 nulla
1006 2310 1150 2371 interroga-

187 2376 256 2424 tione
272 2378 442 2438 praecedente
462 2383 568 2438 possunt
585 2377 696 2425 dictione
713 2376 782 2425 dolls
799 2376 906 2438 legitime
927 2373 1042 2438 obligari.
1073 2375 1150 2424 Aliae

185 2457 249 2490 aero
258 2457 387 2504 personae
399 2445 423 2492 si
431 2459 482 2506 pro
494 2445 597 2492 muliere
610 2445 691 2493 dotem
703 2445 758 2492 uiro
768 2443 944 2506 promiserint,
958 2445 1078 2490 communi
1094 2444 1149 2492 iure

188 2507 298 2572 obligari
308 2510 411 2566 debent,
424 2513 453 2559 id
464 2517 513 2567 est,
531 2517 558 2558 ut
570 2518 596 2560 et
607 2513 767 2574 interrogata
783 2511 968 2573 respondeant,
986 2510 1151 2572 etrstipulata

188 2578 344 2638 promittant.
368 2576 395 2640 3.
409 2586 429 2626 t.
448 2577 514 2626 Item
526 2579 613 2626 etalio
626 2593 699 2636 casu,
714 2594 762 2628 uno
775 2580 892 2642 loquente
905 2583 930 2624 et
940 2577 994 2624 sine
1007 2578 1150 2638 interroga-

134 2649 137 2652 ’
186 2645 256 2692 tione
268 2645 313 2692 atii
321 2646 484 2708 promittente
494 2645 652 2695 contrabitur
661 2645 791 2708 obligatio,
801 2646 829 2693 id
840 2651 885 2700 est,
895 2647 919 2692 si
927 2643 1030 2692 libertus
1037 2651 1149 2707 patrono

184 2713 334 2760 aatdanum
345 2720 390 2760 aut
400 2727 487 2762 munus
500 2720 544 2761 aut
555 2727 649 2776 operas
661 2727 688 2761 se
702 2714 817 2782 daturum
829 2727 884 2760 esse
897 2714 1003 2760 iurauit.-
1020 2713 1046 2759 in
1059 2728 1108 2776 qua
1120 2726 1149 2760 re

184 2780 332 2840 supradicti
347 2779 432 2828 liberti
448 2796 498 2829 non
515 2787 565 2828 tam
576 2780 707 2829 uerborum
718 2780 880 2836 solennitate,
895 2793 967 2843 gaam
984 2779 1152 2828 iurisiurandi

185 2847 310 2913 religione
322 2849 472 2896 retinentur.
504 2847 559 2896 Sed
569 2849 637 2895 nulla
650 2849 732 2896 altera
742 2862 860 2910 persona.
872 2847 922 2895 boc
934 2847 1023 2895 ordine
1040 2846 1151 2912 obligari

187 2915 293 2974 potest)
322 2913 369 2962 Eae
385 2917 475 2964 rdtimis
487 2913 570 2964 uerbis
582 2916 708 2963 conticere
728 2916 798 2973 lieet,
814 2913 902 2962 Gaium
916 2913 982 2963 bane
998 2913 1150 2977 disputatio·

185 2995 242 3028 nem
254 2982 291 3028 ita
302 2981 360 3042 sere
373 2981 524 3032 absolvisse:
542 2982 604 3030 ‘His
615 2997 675 3030 nero
689 2983 772 3031 causis
791 2983 907 3044 eaeceptis
920 2987 1104 3045 praeterquam
1116 2995 1151 3031 en·

186 3051 388 3110 interrogatione
407 3057 433 3099 et
447 3051 613 3113 responsione
631 3049 762 3098 uerborum
779 3048 898 3111 obligatio
915 3064 965 3098 non
982 3050 1148 3108 contrabitur,

184 3115 377 3180 adaequalem,
396 3125 423 3166 ut
435 3118 478 3182 qai
489 3133 539 3166 non
556 3119 710 3180 interrogati
724 3117 919 3179 responderint,
937 3123 981 3164 aut
998 3117 1153 3179 interrogati

185 3188 283 3231 tantum
294 3185 439 3242 adnuerint,
452 3200 483 3234 ne
496 3186 594 3234 omuino
609 3185 707 3248 quidem
720 3185 872 3244 obligentur.’
903 3183 943 3245 Of.
958 3184 990 3232 L.
1004 3192 1023 3232 1.
1038 3181 1064 3246 S.
1078 3193 1098 3231 ².
1116 3183 1151 3234 D.

184 3379 212 3452 ᾗ.
226 3355 268 3435 ab}
289 3386 330 3448 Of.
344 3387 403 3437 Liv.
417 3395 436 3448 a,
451 3396 470 3439 5.
485 3395 504 3435 a.
519 3395 551 3436 n.
564 3394 587 3434 n
603 3383 647 3448 (ef.
663 3395 681 3443 r,
694 3381 739 3449 ar).
758 3385 810 3436 Oia.
822 3401 872 3448 pro
885 3383 968 3434 Balbo
984 3391 1015 3432 n.
1029 3382 1057 3446 3.
1070 3391 1104 3432 aa.
