2614 3960
393 195 497 233 rotun.
516 197 573 233 1v1s.
594 196 658 232 rou.
678 195 770 234 varic.
790 183 898 233 bs-su
1063 151 1126 232 bib

161 341 270 410 Meuia,
289 341 365 411 quod
379 340 476 395 dutum
499 339 646 400 est-Titi03
663 355 693 394 aa
708 340 730 394 si
745 339 776 393 id
788 339 876 412 ipsum
889 345 1003 394 testator
1016 353 1126 411 expres-

162 429 248 494 serit,
272 427 322 497 qui
346 425 469 496 primum
495 429 582 478 totum
613 423 828 494 usumfructum
853 423 990 496 leuauerit
1015 421 1125 484 Meuiae,

161 508 259 566 deinde
275 507 473 578 Tiiimpartem
488 510 531 564 illi
545 509 706 578 ademptam
722 511 922 578 adscripserit.

225 588 273 648 59.
298 585 325 624 ‘¹³
337 593 398 663 Utp.
413 591 459 647 lib.
468 591 543 646 xvu.
560 591 593 646 od
605 591 742 647 Sabinum.
771 592 874 648 Veram
886 599 938 661 est,
956 584 1218 667 diemieyatiffifj,

163 676 353 749 ususfructus
373 679 459 732 semet
480 681 591 734 tantum
606 675 716 739 eedere;
739 677 915 751 'quamquam
936 674 1027 732 enisu4
1047 673 1225 730 usus-im·

162 763 267 818 fructus
283 777 323 818 ex
335 761 464 833 fruendo
480 765 625 824 consistat,
642 764 674 816 id
693 768 735 817 est
754 762 838 833 facto
860 765 957 835 atiquo
980 764 1054 824 eius,
1077 764 1126 834 qui

158 847 274 920 fruitur
290 852 317 902 et
333 847 427 908 utitur,
445 854 533 901 tameu
549 847 574 902 ei
588 846 672 902 semel
688 845 760 902 cedit
774 848 844 903 dies.

225 926 276 986 60.
303 924 399 985 ⁵ltem.
442 929 501 985 Dies
523 938 612 985 eutem
633 929 815 994 ususfructus,
836 923 935 987 'item6
955 946 1040 1000 usus,
1068 947 1125 986 non

156 1017 351 1088 prius-cedet,
369 1031 455 1087 quam
471 1017 550 1074 adito
566 1017 731 1071 hereditate.
763 1024 790 1071 et
810 1014 898 1071 Labeo
920 1015 1028 1088 quidem
1049 1023 1126 1088 puto·

162 1100 321 1162 hat,.etiam
337 1101 368 1155 ab
385 1103 495 1170 apertis
510 1100 616 1155 tabulis
632 1102 749 1170 cedere,
773 1104 859 1156 sicuti
874 1106 1037 1156 ceterorum
1053 1099 1126 1172 lega·

162 1194 263 1239 torum.
292 1183 340 1238 sed
356 1192 398 1238 est
414 1184 505 1239 uerior
520 1183 623 1240 Iuliani
636 1187 754 1239 diuersa
777 1189 934 1240 sententia:
963 1192 1032 1240 tunc
1053 1185 1126 1238 enirn

165 1273 352 1324 constituitur
367 1267 547 1344 ususfructus,
560 1284 621 1324 cum
637 1270 697 1341 quis
713 1269 765 1329 ium
776 1268 836 1324 frui
848 1274 952 1340 potest.
1023 1271 1025 1276 ’

226 1348 271 1410 61.
304 1345 399 1408 ⁷1tem.
427 1353 519 1408 emitti
534 1360 624 1408 autem
639 1351 837 1410 usumfructum
854 1356 958 1425 capitis
972 1355 1127 1408 minutione

164 1445 292 1494 cortstot:
306 1453 360 1494 nec
375 1442 465 1495 solum
481 1436 691 1508 usumfructum,
708 1437 756 1492 sed
772 1438 852 1493 etiam
868 1438 1001 1493 actionem
1016 1435 1050 1492 de
1064 1452 1127 1491 usu·

165 1522 279 1592 fructu,
297 1525 376 1579 uelut
391 1526 418 1579 si
431 1525 456 1578 is
477 1538 517 1578 ex
534 1525 674 1593 stipulatu
696 1523 836 1580 debeatur
856 1522 900 1579 uel
921 1539 972 1596 per
991 1519 1128 1576 fideicom-

164 1607 274 1661 missum
287 1600 468 1680 legatumne8
481 1623 539 1680 per
558 1609 767 1666 damnationem
788 1610 875 1664 datus
890 1611 934 1663 sit.
980 1608 1019 1662 Et
1035 1608 1128 1678 parui

164 1691 256 1754 refert,
276 1698 365 1746 utrum
380 1692 438 1748 iure
449 1693 485 1747 sit
505 1695 674 1749 constitutus
695 1693 896 1766 ususfructus,
920 1711 959 1748 an
981 1708 1052 1748 uero
1074 1694 1126 1746 tui-

165 1780 240 1834 tione
257 1781 428 1848 praetoris:
445 1779 569 1848 proinde
591 1772 688 1833 'tired
710 1779 736 1832 in
763 1777 847 1834 fundu
874 1777 1057 1850 stipendiario
1080 1777 1127 1831 uet

164 1861 329 1930 tributario,
352 1865 418 1916 item
439 1865 468 1917 in
491 1861 585 1932 fundo
607 1865 744 1936 uectiyati
762 1865 810 1918 oret
830 1863 986 1932 superficie
1014 1877 1079 1916 non.
1093 1863 1127 1914 sit

164 1945 222 1997 iure
238 1945 419 2014 coustitutum
443 1945 538 2018 cupitis
561 1948 714 2003 minutione
736 1950 890 2009 amittitur;
910 1963 977 2000 nam
999 1960 1038 2000 ea
1057 1959 1127 2015 per·

165 2043 236 2083 sona
249 2028 414 2098 fructuarii
428 2033 535 2100 capitis
550 2031 665 2086 minutio
681 2032 816 2104 extinguit
832 2030 1052 2104 usumfructum.

229 2104 279 2167 62.
295 2110 370 2166 Item.
381 2106 405 2144 ⁵⁰
429 2111 481 2168 Sed
497 2115 534 2169 ita
549 2113 656 2170 demum
672 2115 808 2170 amittitur
824 2118 928 2186 capitis
943 2116 1126 2170 diminutione

165 2195 363 2268 ususfructus,
381 2200 407 2252 si
420 2201 477 2252 iam
493 2200 876 2254 constitutasest1‘ceterum
892 2199 915 2252 si
935 2205 998 2252 onte
1020 2199 1127 2252 aditam

164 2280 344 2336 hereditatem
360 2287 411 2336 aut.
422 2290 483 2337 ente
499 2281 571 2336 diem
587 2283 733 2338 cedentem
749 2286 813 2356 quis
825 2285 921 2353 capite
937 2286 1061 2337 minutus
1077 2288 1126 2342 est,

166 2372 279 2422 constat
294 2382 351 2422 non
367 2367 460 2429 amitti,
478 2373 504 2421 et
520 2367 557 2421 ita
571 2364 688 2421 lulianus
711 2365 757 2422 lib.
780 2367 870 2423 XXX
880 2367 908 2422 V.
932 2367 995 2440 Diu.
1017 2367 1125 2422 scribit.

166 2450 199 2505 Si
217 2454 304 2523 iyitur
328 2467 385 2521 per
405 2451 626 2508 uindicatiouem
646 2451 699 2506 fuit
719 2466 751 2506 ex
767 2451 811 2507 die
831 2452 951 2525 legatus,
974 2458 1128 2528 antequam

165 2537 228 2590 dies
243 2533 369 2605 renent,
381 2553 437 2592 non
459 2543 544 2593 nocet
556 2539 662 2608 capitis
677 2535 829 2593 diminutis.
847 2535 927 2592 hodie
944 2537 1014 2592 cutim
1035 2537 1129 2609 incipit

167 2621 206 2674 ad
218 2621 390 2692 leuatarium
401 2625 562 2693 pertinere.

164 2799 197 2862 ⁴³}
216 2802 267 2852 Est
284 2803 316 2854 J..
331 2811 340 2851 1
353 2819 397 2867 pr.
414 2804 448 2852 D.
469 2804 570 2868 quando
589 2805 643 2854 dies
661 2819 698 2856 us,
713 2802 743 2864 (7,
756 2803 778 2866 s)
798 2805 888 2854 amisso
906 2803 1042 2864 principio,
1062 2802 1130 2865 qaod

163 2871 279 2934 supplevi
302 2870 390 2935 (paulo
414 2872 490 2921 aliter
512 2887 544 2920 aa
562 2870 674 2936 Mons).
778 2869 802 2932 ⁴)
820 2871 866 2920 Ita
888 2871 915 2920 V
917 2869 938 2920 d.
974 2868 1066 2919 Mones.
1086 2869 1127 2918 ed.

166 2938 262 2989 Omittit
282 2939 341 2990 Vnt.
429 2934 450 3002 ⁵)
469 2939 568 2988 Partim
585 2946 660 2989 catat
683 2940 709 2987 in
727 2939 759 2987 L.
781 2948 798 2986 t.
818 2940 861 2990 rit,
880 2937 908 3001 3.
927 2947 948 2986 2.
966 2936 1078 2986 -Cetera
1095 2938 1131 2985 ad

164 3022 305 3057 mensuram
321 3009 401 3070 spatii
417 3009 534 3072 supplevi
551 3006 640 3070 (paulo
658 3009 734 3056 aliter
752 3007 845 3057 Holtw.
865 3013 892 3054 et
908 3003 1024 3068 Mamm).
1107 3003 1126 3066 θ)

165 3076 224 3137 utu.
260 3083 284 3123 ut
305 3075 364 3125 Vae.
384 3075 489 3126 abesto
512 3076 537 3125 V
540 3073 561 3122 d.
668 3073 899 3138 ⁷)EstL.tpr.
924 3073 1127 3137 launomari.

165 3140 260 3204 ususfr.
279 3157 325 3192 am.
345 3142 376 3205 (t,
394 3144 427 3209 t).
461 3144 504 3194 Ibi
520 3145 605 3192 recisa
621 3143 746 3208 supplevi,
766 3143 889 3208 quaedam
907 3142 938 3191 ab
957 3143 1016 3191 aliis
1032 3148 1130 3189 mutua·

166 3216 213 3258 tas.
294 3209 316 3272 8)
335 3213 386 3271 lego
405 3246 411 3261 .
432 3247 438 3261 .
458 3247 465 3261 .
488 3213 547 3262 Vct.
568 3212 626 3264 edd.
707 3207 728 3275 ⁹)
747 3212 846 3261 scilicet
864 3226 899 3259 eac
916 3209 1013 3258 Bacldr.
1033 3210 1067 3268 ej·
1087 3208 1127 3256 ed.

166 3277 259 3330 Hatita.
296 3279 369 3326 ‘item
387 3281 503 3343 quilibot'
529 3281 593 3342 (pro
613 3279 754 3339 ‘seilicet')
778 3280 813 3340 cf.
838 3277 890 3327 Ad.
908 3276 1022 3325 Sabmidt
1038 3274 1127 3323 dabrb.

166 3346 191 3394 d.
210 3361 272 3410 uem.
291 3345 384 3395 Rechts
402 3346 460 3398 III.
478 3363 506 3410 p,
525 3356 570 3398 265.
608 3346 641 3396 In
664 3348 820 3397 restituendo
844 3345 875 3393 ab
898 3343 1049 3392 emblematis
1070 3341 1128 3390 Tri·

167 3412 270 3462 borciani
287 3413 464 3464 discedendum
481 3422 547 3465 erat.
629 3412 661 3477 50)
685 3415 734 3463 Est
751 3414 784 3462 l..
804 3422 822 3461 t.
841 3415 884 3462 cit.
904 3409 930 3474 3.
951 3420 970 3460 1,
1009 3408 1077 3469 Quae
1094 3410 1130 3459 ibi

167 3482 354 3537 desiderantur,
371 3482 466 3544 partim
484 3482 650 3546 Hoftweuiam
667 3489 767 3532 secutas
784 3482 907 3544 supplevi.
