2648 3974
401 214 538 254 vouvsrvs
557 217 718 254 mancusas
736 205 845 257 47—52.
1064 207 1116 256 335

141 359 284 414 sestertius
305 357 373 413 duos
395 375 469 414 asses
491 367 518 416 et
538 361 692 422 semissem,
720 361 796 433 quasi
818 361 1033 422 semistertius,
1061 359 1115 433 (ut)

142 443 242 498 Graeca
257 441 345 516 ligura
361 435 487 517 ἕβδομον
501 435 701 518 ἡμιτάλαντον
716 444 787 516 (nam
809 461 856 500 sex
872 445 975 500 talenta
990 452 1017 500 et
1033 447 1115 500 semi·

138 527 272 582 talentum
287 543 329 582 eo
354 526 437 583 uerbo
460 527 624 602 significant)
651 521 779 601 '(tum)²w²
806 529 849 585 lex
869 529 1115 586 etiamrduodecim

139 611 293 668 tabularum
308 619 470 685 argumento
486 621 537 676 est,
552 615 581 669 in
596 631 648 687 qua
664 613 718 670 duo
734 614 817 688 pedes
834 621 861 670 et
876 616 957 670 semis
970 616 1113 670 sestertius

138 714 188 770 pes
205 703 327 752 uocatur.
373 694 419 755 4⁷.
437 697 514 753 Nunc
530 699 653 760 denarius
668 714 737 762 xv1‚
755 700 914 756 uictoriatus
930 707 957 754 et
973 701 1114 772 quinarius
1187 761 1189 766 ,

139 797 213 844 vm,
234 783 378 836 sestertius
394 790 525 856 quattuor
541 799 615 838 asses
631 783 713 839 ualet.
1189 857 1191 860 .

204 865 254 923 48.
278 865 349 920 lnira
370 877 449 939 quam
469 860 665 923 ’diuisionem3
686 869 810 941 sequitur
831 869 882 923 alie
904 868 1035 941 quaedam
1050 868 1115 924 sub·

139 951 253 1014 diuisio,
277 957 355 1006 notas
371 966 457 1024 aeque
473 959 500 1006 et
515 953 624 1026 propria
640 951 771 1008 uocabula
786 951 896 1008 babens.
943 969 1026 1028 quare
1041 955 1069 1017 si,
1080 953 1114 1008 acl

140 1035 280 1091 denarium
296 1037 428 1091 rationem
443 1033 578 1100 conficias,
596 1052 682 1091 assem
698 1036 747 1091 bae
762 1045 827 1092 nota
843 1036 957 1092 'scribas
971 1055 1001 1093 ac
1011 1033 1114 1093 uoces4

197 1123 201 1130 '
235 1115 335 1180 lite
568 1121 571 1126 ’

140 1206 278 1260 semuncia
298 1205 428 1268 sicilicum

140 1291 191 1345 cim
214 1306 300 1344 assem
324 1288 455 1344 alliciunt.
515 1285 565 1347 49.
591 1285 796 1362 ’llupondium⁵
819 1292 868 1346 bac
883 1297 947 1346 nota
963 1289 1063 1346 scribas
1082 1306 1115 1344 ac

452 1165 605 1220 semunciae
632 1165 702 1218 enim
724 1163 841 1220 sedecim
868 1172 895 1219 et
920 1161 1013 1219 sicilici
1035 1163 1115 1219 sede·

143 1433 242 1472 uoces:
266 1460 418 1514 gemma·
447 1433 508 1472 nam
535 1415 652 1472 sedecim
678 1419 833 1473 sescunciae
860 1418 1028 1492 dupondium
1055 1415 1115 1472 eil'-

265 1497 271 1514 ·
292 1500 295 1508 ’
412 1501 419 1522 r

142 1541 226 1598 ciunt.
271 1538 320 1598 50.
345 1536 487 1598 ’'lressis6
503 1544 551 1599 bac
567 1552 632 1600 nota
647 1543 747 1600 scribas
764 1561 794 1600 ac
811 1561 906 1600 uoces:

989 1497 1091 1562 {ze

927 1594 1036 1643 sextans
1052 1588 1114 1642 sici-

143 1670 226 1732 licus;
255 1685 339 1746 aeque
361 1671 431 1725 enim
453 1669 570 1726 sedecim
594 1679 730 1727 sextantes
755 1672 922 1746 totidemque
943 1671 1036 1728 sicilici
1057 1679 1115 1727 tres

142 1770 215 1810 asses
242 1752 372 1810 eificiunt.
425 1749 469 1810 61.
500 1753 653 1822 Quatrussis
681 1757 729 1812 bac
754 1765 820 1812 uota
839 1756 939 1812 scribas
961 1773 1114 1830 uocesque:

143 1923 291 1996 quadrans;

145 2006 283 2081 Quinques
299 2009 349 2063 hac
364 2016 429 2063 uota
444 2007 544 2064 scribas
560 2026 712 2083 uocesque:

315 1881 431 1936 sedecim
447 1883 519 1937 enim
535 1881 696 1954 quadrantes
721 1885 871 1957 quartussis
888 1880 1019 1937 efficiunt.
1064 1878 1113 1938 52.

846 1963 929 2023 ir:
944 1997 979 2006 -
993 1963 1049 2026 ts

745 2053 879 2125 quadrans
901 2052 1037 2106 semuncia
1053 2051 1116 2105 sici·

142 2135 224 2197 lieus;
253 2151 314 2190 nam
336 2134 453 2190 sedecim
475 2135 637 2208 quadrantes
658 2153 689 2192 ae
710 2138 824 2192 totidem
839 2137 992 2191 semunciae
1008 2135 1116 2190 sicilici·

142 2282 174 2346 ²²)
194 2291 218 2332 ut
236 2290 261 2332 et
274 2293 322 2332 tum
334 2285 463 2348 suppleoi,·
479 2299 515 2334 sc.
533 2285 581 2334 boe
598 2291 709 2334 notatum
727 2293 744 2336 t.
757 2301 817 2335 mox
834 2285 946 2334 interiit:
961 2285 1021 2333 inde
1039 2285 1116 2333 etiarn

144 2359 170 2400 ut
191 2352 306 2400 omissum
321 2359 367 2400 est.
397 2351 524 2404 ,Graecum
541 2355 681 2416 exemplum
694 2369 733 2402 ,erc
750 2354 886 2402 Herodoto
903 2359 1026 2416 sumptam
1048 2366 1112 2413 esse,

146 2419 271 2482 Didymus
287 2421 359 2482 apud
373 2421 502 2468 Priscian.
525 2421 557 2469 de
576 2422 686 2484 ponder.
704 2437 731 2484 p.
752 2429 799 2470 1347
818 2420 918 2471 Patsclt.
937 2421 1023 2477 docet,
1043 2433 1114 2484 quem
1146 2436 1148 2438 ·

144 2486 296 2535 Maecianus
309 2487 410 2536 videtur
422 2494 523 2536 secutas
534 2503 599 2538 esse.
642 2487 663 2552 ³)
678 2487 796 2553 Intellipe
808 2486 953 2538 diuisionem
965 2490 991 2537 in
1004 2495 1057 2537 tres
1069 2503 1113 2535 ar-

145 2560 252 2616 qenteas
263 2569 379 2615 nummos,
389 2557 434 2620 qai
444 2557 470 2604 in
481 2571 582 2606 numero
595 2558 664 2606 aeris
672 2563 738 2612 sunt,
748 2559 856 2620 ideoque
869 2571 904 2606 en·
915 2561 1115 2614 numeronatam

144 2619 246 2669 babent.
282 2617 303 2684 ⁴)
317 2621 376 2670 Cum
388 2623 435 2672 boc
447 2624 473 2671 in
487 2630 540 2672 tota
553 2624 602 2672 bae
613 2625 776 2686 conpositione
790 2621 836 2688 83.
850 2631 944 2672 iit-62.
957 2624 1031 2688 quasi
1042 2639 1116 2672 unam

142 2687 244 2738 verbam
255 2704 390 2740 recurrens
403 2690 499 2739 scribas
512 2705 540 2740 ac
555 2707 623 2741 voces
638 2699 688 2740 tum
699 2693 725 2740 in
737 2693 857 2742 vocabalo
865 2693 950 2754 partis
959 2691 1049 2755 ubique
1058 2707 1115 2739 ser-

142 2761 216 2806 vatus
238 2759 402 2807 nominativus
420 2765 446 2807 et
464 2759 517 2806 alia
540 2761 664 2824 quaedam
682 2767 828 2821 arpamento
849 2765 920 2814 sunt,
939 2762 1014 2808 etiam
1030 2765 1118 2808 notam

144 2825 247 2888 eiusque
259 2825 470 2889 sipuificationem
482 2827 640 2876 aMaceiano
654 2828 727 2892 quasi
739 2843 810 2892 unum
823 2827 948 2892 quoddam
958 2826 1116 2888 adscriptam

143 2891 237 2954 fuisse,
251 2892 298 2942 boc
311 2899 362 2951 est,
377 2901 542 2957 catascopus,
555 2896 741 2958 sipniflcatione
758 2895 830 2958 infra
846 2896 957 2957 scripta,
974 2900 1002 2942 ut
1017 2895 1116 2942 scilicet

146 2976 195 3010 uno
208 2959 295 3010 obtutu
306 2961 412 3022 facilius
424 2969 555 3026 utrumque
566 2965 754 3027 perciperetur.
772 2963 807 3012 In
819 2963 849 3010 P.
861 2961 893 3009 V.
906 2968 967 3011 nata
976 2976 1116 3026 perperam

141 3034 201 3090 post
211 3029 419 3092 significationem
429 3031 516 3094 posita
528 3038 578 3089 est,
591 3033 661 3096 quod
672 3029 763 3082 Morus.
776 3031 901 3084 seruauitt
920 3028 1034 3080 Boeclclr.
1049 3044 1115 3092 pro·

144 3095 252 3144 habilius
269 3099 411 3146 nectentem
422 3105 492 3147 recte
511 3099 623 3150 ordinem
635 3099 745 3150 invertit.
793 3096 814 3159 ⁵)
833 3097 924 3148 Manis.
944 3103 969 3146 et
981 3098 1012 3150 P.
1030 3096 1061 3145 V.
1075 3096 1118 3145 bic

144 3161 281 3226 et'ubique
303 3165 456 3228 dupondium.
508 3163 531 3228 θ)
553 3167 623 3217 Nota
643 3167 706 3216 baec
727 3165 915 3216 indeclinabilia
934 3167 1022 3229 potiris
1043 3179 1117 3228 quom

145 3236 236 3278 neutra
249 3232 343 3290 tressis,
357 3235 490 3296 quatrussis
504 3257 532 3269 -
548 3237 676 3298 quinques,
695 3236 769 3292 sexis,
788 3241 881 3298 septus
894 3248 982 3290 nonus,
996 3233 1069 3282 decus
1082 3257 1114 3268 ·-

145 3298 290 3346 undeciaere
312 3299 346 3361 ib.
362 3302 380 3350 i.
397 3297 527 3366 undeci[rn
548 3298 648 3368 nummi]
672 3318 746 3360 aere,
768 3308 795 3350 ut
816 3300 910 3350 dicitnr
931 3295 999 3364 tre[e
1020 3295 1111 3362 librae]

141 3366 233 3430 pondo
245 3363 306 3431 etc.)
321 3409 327 3422 ‚
340 3402 346 3416 .
358 3405 364 3416 .
375 3370 549 3433 quindeciaere.
575 3369 644 3430 Quae
658 3372 740 3421 omnia
751 3375 810 3419 sunt
820 3371 1031 3418 ratiocinatorem
1036 3383 1046 3424 ,·
1058 3382 1116 3415 nam

143 3435 246 3499 culpari
256 3449 384 3494 emmone,
397 3445 426 3486 ut
437 3453 472 3488 ece
488 3439 608 3487 Varrone
621 3445 647 3488 et
658 3441 716 3488 aliis
728 3443 830 3488 constat
837 3473 843 3500 ,
858 3437 937 3486 omnis
950 3436 1019 3484 aeris
1031 3449 1115 3483 nume·

143 3517 189 3552 rus
201 3515 218 3552 a
230 3509 313 3555 tressa
326 3520 404 3572 usqne
417 3507 453 3556 ad
464 3513 604 3556 centussem
616 3507 753 3556 masculino
766 3521 832 3555 semu
843 3506 870 3553 in
883 3505 944 3554 seis
959 3503 1118 3566 efferebatur
