2634 3960
194 131 245 181 568
378 143 441 180 nos.
460 143 495 178 nr
513 144 581 178 non.
600 109 695 178 neorii
713 141 831 180 concor.
852 129 888 177 vl.
906 132 931 180 3.
950 127 974 176 4.

197 301 270 342 nimo
291 294 381 342 autem
402 277 545 356 'letiom)³
570 300 602 338 en
629 285 710 338 tertio
732 283 818 356 gradu
844 285 908 342 licet
921 299 1032 340 uxorein
1057 283 1177 348 elucere,

197 371 245 428 sed
261 377 365 426 tantum
381 368 472 424 fratris
488 367 583 430 liliam,
601 385 655 423 non
672 367 751 424 etiarn
767 369 884 432 sororis,
907 369 1092 432 necomitam,
1116 385 1175 424 nec

132 443 137 453 ’
196 462 376 517 materteram.
394 455 518 526 quamuis
534 452 630 508 eodem
647 453 734 526 gradu
748 454 812 508 sint.
857 450 886 512 3.
904 453 966 510 llam
982 446 1172 526 ’locatquelss
1246 521 1247 524 Ἴ

197 555 266 613 qnae
281 554 399 596 nouerca
414 537 459 592 uel
475 539 608 612 priuigno,
625 537 670 592 uel
685 537 898 613 quaenurasnel
909 529 1172 614 sooruo'lnortrcrl3
1246 573 1247 576 η

196 625 254 686 luit,
273 639 383 678 uxorem
400 622 499 678 ducere
514 639 570 678 non
585 637 741 694 possumus,
764 618 794 677 4.
812 621 840 678 Si
857 624 917 696 quis
934 639 1000 683 cam,
1018 637 1097 694 quam
1110 639 1172 677 non

197 708 268 769 licet.
286 723 399 763 uxorem
421 706 537 769 duxerit,
554 707 688 762 incestum
704 708 903 762 matrimonium
919 707 1069 762 contrahit:
1091 705 1169 760 ideo·
1248 743 1250 752 .

195 809 248 865 qne
270 791 347 848 liberi
369 792 396 846 in
418 797 556 863 potestate
572 792 630 846 eius
646 807 701 846 non
719 790 796 853 finnt.
818 791 867 846 secl
895 792 970 864 quasi
991 790 1076 864 uulgo
1100 807 1168 846 con·
1243 808 1248 825 ·

194 879 274 949 cepti,
298 876 383 948 spurii
398 883 471 930 sunt.
1243 874 1251 952 'q

257 959 324 1033 llap.
347 959 389 1014 lll.
428 960 554 1014 Paulus
580 959 671 1015 libro
698 962 954 1016 sententiarum
981 958 1165 1030 (secondo)

191 1044 258 1100 sub
285 1043 393 1110 titulo
416 1044 454 1100 de
478 1045 621 1118 nuptiis.
654 1043 680 1100 1.
696 1045 770 1100 lnter
783 1052 909 1117 parentes
925 1052 953 1099 ct
967 1039 1089 1100 libercs⁴
1110 1061 1166 1100 ma·

193 1130 320 1186 trimonia
341 1130 463 1185 contrahi
486 1146 541 1186 non
567 1136 698 1203 possunt;
729 1130 787 1184 iure
804 1129 877 1184 ciuili
900 1127 979 1200 '(nec
1000 1123 1165 1200 sororem),5

193 1231 245 1270 nec
272 1214 354 1270 liliam
384 1216 500 1274 sororis,
533 1221 578 1269 aut
605 1221 714 1287 neptem
741 1229 852 1269 uxorem
878 1213 977 1267 ducere
1003 1229 1165 1286 possumus:
1252 1274 1253 1277 Ἴ

193 1307 356 1372 proneptem
373 1293 458 1370 ’(εϊ)6
474 1300 569 1353 aetatis
584 1299 654 1354 ratio
670 1297 806 1370 prohihet.
838 1294 867 1354 2.
885 1296 1019 1370 Adoptina
1034 1299 1166 1370 cognatio
1251 1308 1253 1313 ’

192 1383 305 1455 impedit
326 1384 434 1455 nuptias
455 1383 526 1436 inter
546 1389 673 1455 parentes
696 1398 726 1436 ac
753 1380 853 1437 liberos
886 1381 1060 1444 omnimod0;
1092 1382 1169 1446 iniec
1227 1383 1247 1451 '¹

192 1467 289 1520 fratres
306 1465 369 1536 ’(ασ
385 1459 531 1536 sororesl⁷
557 1472 682 1528 eatenus,
706 1474 839 1539 quatenns
856 1466 949 1537 capitis
971 1467 1084 1521 minatio
1107 1482 1165 1522 non
1244 1454 1249 1467 ¹

192 1550 353 1604 interuenit.
399 1547 427 1612 3.
457 1549 512 1602 Nec
532 1543 649 1611 socrum,
666 1567 715 1604 nec
730 1567 842 1614 nurum,
865 1543 975 1621 ’(oec)8
999 1551 1163 1622 priuignam,

193 1649 243 1688 nec
258 1635 408 1699 nouercam·
419 1631 578 1704 aliqnando,
600 1633 667 1688 citra
682 1649 795 1707 poenam
805 1635 907 1712 'incesti
930 1650 1042 1689 uxorem
1063 1634 1166 1689 ducere
1243 1675 1246 1680 .

191 1716 268 1778 licel;
285 1716 354 1770 sicut
369 1732 420 1771 nec
442 1717 557 1781 amitam,
574 1724 619 1772 aut
635 1726 814 1774 materteram.
852 1718 904 1774 Sed
921 1719 966 1790 qui
982 1711 1161 1790 ’loffineml9
1253 1736 1262 1779 ·,

191 1801 237 1855 uel
257 1809 399 1874 cognatam
415 1809 509 1870 contra
524 1801 697 1858 interdictum
712 1801 829 1864 (luxerit,
844 1803 958 1858 remisso
974 1801 1079 1858 mulieri
1094 1803 1164 1858 iuris
1253 1838 1256 1847 ·

192 1901 312 2004 moreio
327 1886 384 1959 ipse
411 1902 527 1960 poenam
548 1886 674 1942 adulterii
695 1888 756 1961 lege
776 1885 841 1942 lulia
863 1888 979 1960 patitur,
1002 1904 1058 1944 non
1079 1887 1173 1942 etiam.
1196 1891 1199 1896 ’
1257 1906 1263 1925 ³

190 1969 279 2026 ducta.
1084 1980 1086 1983 “
1262 1970 1263 1975 ’

258 2053 325 2129 llap.
357 2056 398 2112 lV.
432 2056 671 2132 Gregorianus
698 2056 787 2112 libro
818 2057 939 2128 quinto
970 2055 1031 2111 sub
1054 2055 1162 2110 titulo

191 2138 230 2194 de
270 2141 405 2213 nuptiis
440 2141 629 2214 exemplum
669 2140 851 2196 literarum
882 2137 1092 2195 Diocletiani
1128 2147 1160 2194 et
1255 2164 1260 2174 ·

191 2221 386 2280 Maximiani
413 2219 536 2299 lmpp.1
560 2225 665 2280 talem
686 2226 971 2282 coniunctionem
1001 2225 1162 2298 grauiter

190 2309 317 2382 punire
351 2318 602 2365 commemorat.
648 2308 804 2383 Exemplum
839 2309 920 2364 edicti
947 2307 1104 2363 Diocletiani
1134 2317 1162 2363 et

199 2453 394 2464 m

190 2537 212 2603 ⁴)
233 2537 306 2599 Quod
327 2539 367 2588 liic
392 2541 489 2588 addunt
509 2539 572 2589 Odd.
597 2548 622 2589 et
645 2544 702 2594 edd.
736 2544 786 2591 inre
809 2543 888 2598 ciuili,
912 2541 940 2590 id
958 2541 1090 2605 facpilioom
1112 2547 1159 2596 eol,

186 2607 288 2670 fuitque
307 2621 352 2656 ooo
371 2607 426 2656 loco
444 2614 503 2655 ante
522 2623 565 2656 nec
584 2610 658 2658 saliam
677 2611 866 2659 restituendum.
897 2609 963 2658 Nom
980 2610 1047 2658 inter
1062 2623 1159 2672 poren-

189 2681 229 2723 tee
247 2680 272 2722 et
291 2674 384 2724 liberor
401 2676 549 2738 simpliciter
567 2678 671 2738 nuptiae
689 2691 739 2726 non
757 2684 814 2724 sunl
831 2677 856 2724 k.
876 2683 894 2725 t.
913 2686 934 2733 2,
954 2686 973 2729 ι,
1011 2676 1066 2725 Gai,
1085 2685 1104 2733 1,
1124 2681 1158 2726 59.

188 2741 223 2792 L.
236 2751 269 2792 53.
287 2743 321 2793 D.
341 2745 372 2793 de
395 2745 438 2794 rit.
458 2749 528 2806 nupt.
548 2741 592 2805 (23,
606 2741 640 2806 2),
660 2744 745 2807 itaque
763 2745 819 2794 iore
830 2746 942 2808 pentima
953 2746 1065 2802 incertae
1078 2744 1110 2792 L.
1123 2751 1157 2792 68.

188 2811 223 2858 D.
243 2812 274 2860 de
292 2813 342 2861 ior.
360 2813 412 2862 dot.
425 2811 480 2874 ’(23,
501 2809 534 2874 3).
573 2809 620 2860 Eae
638 2813 718 2860 latere
735 2826 796 2862 vero
815 2817 912 2862 ioniam
935 2814 990 2862 iure
1014 2812 1081 2860 civili
1097 2812 1114 2862 i.
1133 2825 1155 2862 e.

189 2881 259 2927 ‘oola
282 2880 346 2928 ioris
369 2880 479 2928 Ilomoni
505 2879 697 2929 observatione’
721 2881 844 2942 quondam
866 2895 963 2930 uxorea
991 2880 1085 2928 ducere
1107 2893 1156 2928 aon

186 2959 326 3008 poscumus,
345 2947 378 2995 L.
392 2955 425 2996 38.
439 2945 465 3009 S.
480 2956 499 2998 2.
518 2947 552 2997 D.
571 2947 607 2996 od
623 2947 670 3008 lep.
685 2945 736 2998 Iul.
755 2949 786 2996 de
805 2949 884 2997 adoll.
899 2944 943 3008 (48,
956 2947 988 3006 5).
1059 2943 1079 3006 ⁵)
1097 2944 1156 2994 Hoc

188 3026 242 3060 com
260 3028 297 3062 ov.
316 3015 368 3062 iure
386 3014 453 3062 cicili
472 3015 609 3077 aliquando
629 3017 755 3071 omissum,
779 3031 834 3064 cum
856 3022 916 3066 onte
939 3015 1087 3064 matrimonia
1106 3026 1155 3062 aon

187 3080 341 3136 conveniret,
360 3082 458 3130 omnino
477 3082 585 3130 excidit.
654 3080 676 3145 6)
697 3081 852 3132 dominando
869 3097 978 3147 sequens
996 3089 1018 3132 et
1036 3097 1072 3131 ee:
1089 3081 1157 3130 elatis

185 3161 262 3197 aenea
283 3147 416 3212 [lapitante
438 3149 522 3214 effeci.
559 3148 599 3211 Cf.
617 3149 650 3198 L.
670 3159 694 3198 39
711 3165 755 3213 pr.
777 3151 811 3202 D.
835 3152 867 3200 de
890 3153 933 3203 rit.
957 3155 1026 3213 nupt.
1053 3146 1102 3211 (²³,
1122 3146 1154 3208 2).

185 3213 207 3278 ⁷)
227 3214 334 3267 Addidi.
372 3216 413 3278 Of.
435 3216 491 3266 Gai.
512 3227 530 3274 1,
551 3225 583 3268 tl.
663 3217 685 3282 8)
704 3217 750 3267 Ex
768 3218 875 3268 Molleri
891 3220 926 3280 ej.
1006 3214 1028 3279 9)’
1048 3216 1157 3266 Addidi.

186 3285 208 3332 si
227 3299 283 3333 nero
302 3286 337 3347 ej.
356 3285 424 3334 Ptin.
462 3283 502 3347 Of.
521 3285 554 3339 L.
574 3295 605 3334 os.
625 3286 658 3336 D.
678 3287 709 3336 de
727 3288 775 3335 ior.
795 3287 847 3336 dot.
869 3283 918 3348 (2³,
938 3284 970 3346 a).
1063 3282 1095 3346 ¹⁰)
1115 3283 1156 3345 Of.

184 3351 217 3400 L.
238 3360 272 3400 n.
291 3349 317 3414 s.
337 3361 356 3402 r.
379 3353 412 3405 L.
432 3361 464 3406 aa.
485 3351 530 3416 83.
549 3362 569 3405 2.
589 3362 609 3402 a.
628 3363 648 3404 r.
667 3354 701 3401 Ι).
720 3355 756 3402 ad
772 3355 821 3416 lep.
840 3353 891 3402 lut.
911 3354 943 3402 de
961 3353 1042 3401 adult.
1066 3351 1157 3415 (aaa).

186 3416 207 3482 ¹)
233 3419 291 3468 Vid.
310 3419 420 3474 Hoenel.
441 3421 485 3471 Gr.
506 3420 534 3472 0.
551 3437 578 3484 p.
597 3430 629 3474 30,
669 3419 695 3482 S.
716 3430 737 3471 a.
755 3420 827 3469 hoino
849 3422 928 3469 edicti
950 3424 1045 3470 mutata
1069 3425 1157 3469 enatat
