2648 3974
218 198 268 248 334
460 209 615 246 sonamus
634 209 794 245 aenomaus
813 197 922 247 42—46.

218 354 265 408 has
281 360 387 409 ceterae
405 368 491 425 usque
507 350 539 406 ad
555 359 657 406 sextam
673 351 800 407 decimam
816 353 925 407 nomine
941 343 1053 426 proprio
1070 362 1192 427 uotaquc

219 446 324 500 carent;
352 436 399 492 sed
430 444 505 492 sexta
535 436 636 491 decima
666 438 802 492 semuncia
833 437 949 492 sicilicus
982 436 1100 500 dicatum
1128 455 1191 494 nam

219 522 336 577 sedecim
357 521 509 577 semunciae
530 528 592 576 octo
609 528 673 576 sunt
689 523 796 584 unciae,
818 521 934 576 sedecim
951 521 1045 578 sicilici
1060 531 1192 597 quattuor

220 607 312 662 unciae
340 604 421 669 fiunt,
450 599 595 678 ’(ᾳιιιιθ)15
621 605 728 660 iunctae
755 606 840 661 unciis
867 614 930 661 octo
958 621 1044 662 assem
1065 607 1190 681 implent.

217 692 331 763 septima
348 690 449 744 decima
465 689 562 745 deinde
577 691 718 744 interiecta
733 691 841 745 nomine
857 698 975 763 notaque
988 699 1068 746 caret.
1094 700 1190 747 octaua

219 775 320 831 decima
348 773 489 830 uocabitur
514 775 652 829 semuncia
677 774 796 835 sextula:
827 791 887 830 nam
911 776 962 830 hae
988 775 1077 831 decies
1104 778 1190 832 octies

218 860 315 915 ductae
337 875 423 914 assem
446 855 576 914 efficiunt.
620 853 669 914 42.
693 859 760 914 Post
781 861 828 914 has
851 860 993 916 interiores
1015 867 1122 932 partes,
1144 877 1191 916 ex·

219 950 296 1016 cepta
322 945 472 1006 semuncia,
500 941 603 1020 duabus
629 944 756 1006 sextulis,
784 944 901 1006 sicilico,
933 944 1052 1008 sextula,
1081 945 1190 1000 dimidia

218 1027 331 1088 sextula,
347 1028 488 1100 scriptula,
506 1044 594 1100 neque
611 1027 741 1083 uocabula
755 1030 865 1101 propria
881 1044 970 1101 neque
985 1036 1063 1084 notas
1078 1029 1188 1085 hahent.

218 1108 267 1168 43.
292 1112 451 1175 Centesima,
469 1129 537 1185 quae
553 1111 703 1168 'commodi
718 1121 764 1168 aut
780 1129 922 1168 usurarum
938 1108 1067 1168 nominet
1082 1114 1114 1169 ad
1130 1130 1190 1170 sor-

218 1207 273 1254 tem
289 1197 481 1270 applicaretur,
504 1197 580 1253 'cum
595 1197 614 1252 u
630 1206 738 1253 centum
753 1191 954 1271 significaret,⁷
970 1197 1088 1260 sicilico,
1103 1198 1132 1253 id
1147 1206 1191 1254 est

218 1282 350 1338 Caucaso
372 1275 520 1353 'coiepit)⁸
540 1283 645 1345 notari,
673 1281 747 1356 quod
769 1282 980 1338 connectebatur
995 1282 1028 1337 ad
1043 1298 1101 1338 eam
1116 1299 1191 1338 sum·

218 1383 300 1429 mam,
328 1367 404 1421 cuius
431 1367 576 1428 centesima
596 1366 689 1422 lutura
711 1374 781 1429 erat,
810 1375 837 1422 ct
858 1369 916 1422 siue
939 1383 990 1421 una
1012 1376 1188 1430 conuenerat,

220 1468 289 1506 unus
306 1450 437 1512 sicilicus,
461 1451 518 1504 siae
534 1450 642 1521 plures,
659 1458 701 1506 tot
716 1445 829 1506 sicilici⁹
843 1450 1024 1525 ponebantur.

282 1531 332 1589 44.
354 1533 430 1588 Sicut
445 1540 535 1588 autem
550 1535 616 1589 assis
634 1535 777 1608 appellatio
794 1535 932 1591 adrerum
949 1535 1095 1591 solidarum
1111 1536 1188 1591 here-

219 1617 365 1690 ditatisque
391 1619 491 1681 totius,
519 1617 617 1672 diuisio
639 1627 728 1674 autem
750 1621 808 1675 eius
830 1620 862 1674 ad
883 1621 1000 1693 partium
1022 1620 1190 1675 demonstra·

218 1701 320 1757 tionem
341 1703 473 1774 pertinet,
500 1703 535 1756 ita
557 1703 636 1758 etiam
659 1704 691 1758 ad
710 1705 851 1777 pecuniam
872 1713 1037 1772 numeratam
1061 1703 1188 1767 retertur,

219 1801 288 1859 quae
310 1786 374 1843 olim
395 1788 423 1842 in
444 1802 505 1842 aere
527 1795 597 1849 crat,
608 1797 610 1802 ’
620 1795 715 1860 postea
731 1797 758 1844 et
774 1789 801 1844 in
816 1798 931 1863 argento
946 1789 1022 1844 ieriri
1037 1789 1128 1862 coepit
1142 1790 1187 1852 ita,

218 1879 248 1926 ut
270 1873 357 1927 omnis
378 1888 504 1927 nummus
527 1880 673 1946 argenteus
690 1890 722 1928 cx
743 1889 857 1929 numero
879 1875 948 1929 aeris
964 1881 1127 1946 potestatem
1144 1874 1189 1929 ira·

219 1955 309 2033 beret.¹
355 1951 403 2012 46.
427 1955 465 2011 llo
481 1957 508 2012 in
524 1973 637 2012 numero
654 1965 718 2013 sunt
734 1959 761 2013 hi
778 1960 901 2032 argentei
916 1959 1031 2014 nummi:
1054 1957 1188 2020 denarius,

219 2042 295 2096 ouius
311 2048 353 2096 cst
368 2049 434 2098 nota
448 2036 481 2104 X,
500 2042 645 2116 quinarius,
663 2044 740 2097 ouius
757 2050 798 2097 est
814 2050 878 2098 nota
892 2043 928 2104 V,
945 2043 1096 2107 sestertius,
1113 2044 1189 2099 cuius

218 2133 283 2182 nota
299 2134 342 2182 est
356 2125 411 2182 HS.
442 2126 604 2182 Victoriatns
620 2129 699 2190 enim,
718 2125 802 2200 siqui)
809 2121 834 2159 ²⁰
850 2144 922 2185 nunc
943 2127 1100 2183 tantundem
1116 2128 1190 2184 ualet

220 2218 351 2283 quantum
374 2213 526 2284 quinarius,
549 2212 613 2267 olim
638 2219 666 2267 ut
687 2213 848 2286 peregrinus
864 2227 989 2267 nummus
1005 2211 1066 2267 loco
1082 2214 1188 2275 mercis,

219 2303 249 2350 ut
264 2310 337 2350 nunc
351 2295 577 2352 tetradraohmum
594 2303 620 2352 et
636 2297 768 2358 drachma,
786 2295 941 2352 habebatur.
987 2291 1036 2353 46.
1058 2295 1188 2350 Denarius

218 2379 306 2451 primo
322 2395 395 2434 asses
412 2379 505 2436 decem
526 2379 647 2443 ualebat,
675 2380 746 2436 unde
767 2389 794 2436 et
814 2397 913 2438 nomen
929 2382 1023 2443 trarit;
1049 2379 1188 2453 quinarius

219 2462 357 2517 dimidium
373 2465 445 2524 eius,
468 2463 495 2518 id
511 2473 553 2520 est
570 2466 689 2538 quinque
703 2481 792 2527 asses,
815 2463 887 2522 unde
903 2467 1002 2539 etipse
1023 2457 1187 2526 'uocatus;¹

221 2677 256 2744 ¹⁶)
271 2677 408 2742 suppleta
426 2679 460 2741 cs.
474 2677 501 2742 8.
514 2687 548 2728 tt.
561 2687 586 2729 et
604 2678 651 2743 38.
666 2689 699 2730 tt.
713 2689 747 2730 68.
761 2691 793 2730 tt.
840 2679 861 2741 θ)
880 2681 940 2731 Hoc
955 2688 995 2730 est
1010 2687 1055 2729 aut
1070 2682 1192 2732 commodi

219 2747 345 2796 creditori
356 2746 439 2796 ablati
451 2749 556 2804 nomine,
569 2749 593 2796 si
602 2754 665 2812 post
675 2764 782 2798 mensem
794 2749 889 2798 demum
900 2751 1053 2804 solveretur,
1067 2756 1111 2798 aut
1123 2750 1192 2813 qaod

215 2816 327 2880 pecunia
338 2815 367 2864 in
378 2829 485 2866 ocensem
498 2815 609 2865 debitori
627 2819 723 2867 cicada
736 2819 799 2866 data
811 2824 878 2867 erat.
905 2815 945 2878 Cf.
958 2816 990 2865 L.
1003 2825 1023 2868 ².
1037 2814 1063 2879 8.
1078 2825 1098 2865 5.
1112 2817 1145 2867 D.
1158 2817 1190 2865 de

218 2885 285 2933 adm.
299 2899 352 2932 rer.
366 2885 403 2934 ad
415 2886 461 2935 cio.
477 2881 520 2946 (50,
534 2881 566 2947 8).
608 2883 628 2946 ⁷)
644 2883 758 2950 Uterque
771 2885 856 2936 rodere
868 2891 895 2933 et
907 2884 965 2934 edd.
978 2886 1042 2933 llaec
1054 2883 1132 2934 cerda
1143 2883 1190 2932 lra-

218 2951 278 3001 beat
289 2954 357 3002 inter
369 2953 431 3015 quod
448 2957 473 3001 et
486 2952 676 3001 conuertehatur.
708 2951 762 3003 Sed
778 2959 903 3016 apparet,
917 2968 948 3002 ca
966 2953 1122 3016 aliquando,
1136 2967 1190 3000 caat

219 3021 357 3084 applicaret·
370 3022 492 3084 scriptum
504 3026 585 3077 esset,
598 3027 625 3068 ut
642 3021 760 3070 similiter
777 3021 919 3069 desinentia
937 3021 1041 3076 occisso,
1060 3020 1152 3069 deinde
1164 3019 1190 3066 in

217 3088 333 3150 marpine
345 3091 474 3151 suppleta,
486 3094 615 3152 postremo
628 3089 711 3138 alieno
724 3091 779 3138 loeo
792 3089 912 3137 restituta
924 3102 988 3138 erce.
1029 3086 1050 3149 8)
1065 3101 1149 3136 auerso
1162 3102 1191 3134 eo

218 3155 249 3206 P,
267 3155 301 3208 V.
315 3157 373 3205 edd.
405 3171 432 3204 eo
445 3171 480 3204 sc.
493 3171 543 3219 pro
557 3170 586 3204 co
598 3158 732 3218 scriptam,
745 3162 887 3219 posteaque
900 3157 948 3219 epit
960 3162 988 3204 at
1004 3170 1080 3204 senaa
1097 3169 1190 3204 careas

218 3228 341 3274 omissum.
371 3223 462 3273 Monac.
475 3229 536 3287 post
548 3225 707 3286 applicaretur
719 3224 846 3287 supplerit
860 3219 962 3287 [solebat
974 3217 1055 3288 oiim].
1085 3221 1140 3270 Sed
1150 3221 1191 3270 tic

219 3307 272 3342 mos
283 3293 338 3342 aine
352 3291 435 3348 dubio,
448 3292 472 3340 si
484 3291 557 3340 binata
569 3291 719 3340 centesimas
730 3292 874 3354 occeperis,
888 3291 964 3340 etiarn
974 3297 1068 3355 postea
1080 3290 1189 3339 duravit.

218 3358 238 3421 ⁹)
257 3361 403 3417 Videamus,
417 3374 448 3408 ne
460 3359 501 3408 dic
511 3365 623 3422 propter
635 3373 773 3408 recurrens
789 3359 854 3407 idem
868 3358 968 3407 verbum
981 3359 1123 3408 exciderit:
1141 3357 1191 3405 sive

218 3443 274 3492 pars
288 3428 442 3483 centesimae,
456 3428 506 3476 eius
519 3428 594 3489 partis
607 3433 662 3475 nota
675 3427 783 3475 subiecta
796 3426 900 3478 sicilico,
949 3425 983 3490 ²⁰)
1002 3425 1138 3490 supplevi·
1155 3423 1190 3486 cs.

219 3493 246 3557 8.
260 3503 292 3544 tt.
330 3491 349 3558 ¹)
364 3502 463 3544 uocatur
474 3495 505 3544 P.
522 3495 554 3545 V.
570 3495 627 3543 edd.
