2634 3960
275 177 281 186 ·
331 175 394 214 uos.
413 175 448 210 er
466 176 533 210 nou.
553 177 649 212 naevia
668 177 786 212 conane.
807 164 826 213 l.
848 165 887 212 12.
908 164 949 215 13.
1075 167 1124 214 553

157 315 181 374 1.
220 317 286 372 Cum
318 317 424 389 quidam
452 334 501 391 per
521 318 656 374 lasciuiam
687 335 792 374 causam
822 321 917 374 mortis
946 293 1124 392 praebuisset,

158 400 364 475 comprobatum
386 411 428 456 est
453 401 554 457 laetum
570 403 680 458 'laurini
695 401 802 478 Egnatii
816 404 988 477 proconsulis
1003 403 1124 460 Baeticae
1223 396 1225 405 ⁴

160 487 260 545 adino
289 485 440 548 Hadriano,
472 487 545 559 quod
572 504 633 542 curn
662 489 690 542 in
721 489 934 560 quinquennium
963 489 1122 562 relegasset.

158 570 188 630 2.
221 569 305 632 llerba
326 571 537 627 consultationis
564 578 592 626 et
617 573 743 644 rescripti
763 573 800 627 ita
821 585 850 627 se
874 572 988 628 habent:
1034 571 1124 628 ‘inter

159 653 313 718 Claudium,
346 657 447 728 optime
477 657 638 730 imperator,
669 663 696 711 et
716 654 868 712 Euaristum
889 658 1023 730 cognobi,
1050 657 1124 730 quod

159 740 285 795 Claudius
310 738 379 812 Lupi
401 733 473 794 silius
500 741 528 794 in
548 741 692 803 conuiuio,
713 740 777 796 dum
797 757 864 814 sago
885 743 1015 804 iactatur,
1046 742 1125 814 culpa

160 825 234 880 llarii
249 822 365 878 Eiraristi
380 825 417 878 ita
433 825 501 879 male
517 832 643 900 acceptus
659 825 754 888 luerit,
778 833 807 880 ut
828 833 892 898 post
912 825 983 881 diem
999 827 1124 898 quintum

160 914 323 964 moreretur.
369 908 458 981 Atque
481 909 639 984 apparebat,
668 909 768 981 nullam
799 911 964 966 inimicitiam
990 911 1065 964 'curn
1091 927 1124 964 eo

159 985 309 1048 Euaristi³⁵
323 991 418 1051 fuisse.
452 993 499 1048 sed
521 993 677 1067 cupiditatis
692 994 797 1068 culpam
814 994 993 1051 coercendum
1014 994 1123 1057 credidi,

159 1086 198 1139 ut,
220 1079 303 1132 ceteri
333 1076 454 1132 eiusdem
485 1081 578 1146 ¹aetatis
608 1079 721 1133 iuuenes
744 1078 960 1134 emendarentur.
1005 1078 1124 1151 ldeoque

161 1162 243 1218 llario
259 1160 386 1216 Euaristo
400 1160 476 1224 urbe,
492 1161 566 1216 ltalia
582 1162 624 1217 'et
639 1155 797 1234 prouincia⁶
810 1163 913 1217 Raetica
929 1163 956 1216 in
972 1163 1124 1234 quinquen·

160 1249 235 1302 nium
249 1245 383 1308 interdixi,
401 1254 428 1301 et
444 1245 561 1309 decroni,
578 1254 609 1301 ut
623 1247 751 1320 impendii
766 1245 860 1302 ’eausa
877 1245 929 1300 HS.
943 1237 954 1276 ⁷
983 1246 1037 1301 ‹luo
1054 1246 1124 1300 milia

159 1331 229 1404 patri
253 1323 394 1386 'iuuenis8
410 1331 584 1402 persolueret
599 1329 752 1392 Euaristus‚
775 1331 849 1403 quod
864 1329 1048 1385 ’manifestata
1067 1337 1125 1386 erat

5 1423 9 1462 ἰ
87 1455 93 1467 .
160 1407 238 1470 ciust
254 1422 409 1488 paupertas
441 1413 513 1470 Velis
529 1415 706 1488 rescribere!x
733 1412 761 1472 3.
779 1415 865 1470 Verba
879 1416 1018 1488 rescripti:
1040 1411 1124 1470 ‘Poe-

159 1517 219 1554 nam
241 1499 313 1554 Marii
334 1497 450 1554 Euaristi
471 1506 559 1562 recte,
582 1501 712 1563 Taurinae,
734 1500 888 1555 moderatus
911 1516 939 1554 es
961 1499 992 1554 ad
1013 1498 1124 1556 modum

160 1577 303 1657 culpae:⁴⁰
327 1583 412 1639 refert
438 1585 508 1638 enim
530 1592 557 1640 et
577 1586 606 1640 in
622 1584 768 1640 maioribus
786 1584 907 1647 delictis,
926 1585 1054 1640 consulto
1076 1583 1123 1637 ali·

161 1667 225 1742 qnid
243 1667 407 1730 admittatur,
425 1685 457 1722 an
473 1668 561 1724 casu!
597 1667 626 1724 4.
649 1667 682 1725 n
704 1671 807 1724 sanein
823 1668 947 1724 omnibus
968 1667 1123 1725 criminibus

159 1752 296 1810 distinctio
318 1753 383 1808 haec
398 1747 536 1825 ’poenae¹
553 1761 600 1808 aut
614 1747 778 1810 'iustitiam2
798 1769 948 1825 prouocare
972 1752 1060 1814 debet,
1078 1759 1127 1806 aut

156 1844 399 1909 temperamentum
415 1836 565 1892 admittere.

222 1919 288 1993 llap.
304 1918 359 1974 llll.
391 1919 614 1976 Modestinus
636 1920 1038 1976 librodilierentiarum
1060 1917 1123 1972 sub

158 2003 269 2058 titulo
292 2003 331 2058 dc
356 2004 555 2060 scientibus
581 2014 614 2059 et
635 2003 883 2078 ignorantibus
906 2001 1125 2076 generaliter

157 2089 336 2160 loquitur:
373 2082 397 2141 1.
415 2087 613 2160 Nonnunquam
635 2106 685 2161 per
704 2090 883 2162 ignorantiam
905 2086 1123 2159 delinquentibus

158 2174 224 2228 iuris
246 2171 332 2228 ciuilis
354 2173 431 2225 uenia
452 2171 534 2226 tribui
555 2172 634 2234 solet,
656 2172 781 2227 simodo
802 2189 859 2226 rem
882 2170 944 2226 iacti
965 2172 1040 2243 quie,
1068 2187 1122 2228 uon

157 2259 224 2312 iuris
245 2258 369 2330 ignoret:
398 2256 482 2328 'quae
505 2249 630 2312 sollicet³
660 2257 774 2311 consilio
796 2254 1016 2327 delinquentibus
1046 2264 1137 2328 prae·

158 2343 223 2396 stari
239 2355 294 2402 non
310 2339 390 2395 solet.
435 2340 551 2414 Propter
565 2341 639 2412 quod
655 2341 836 2395 necessarium
852 2347 907 2401 est,
924 2339 1012 2396 addita
1028 2338 1123 2393 distin·

158 2429 247 2481 ctione
269 2423 448 2488 considerare,
472 2432 563 2479 utrum
589 2427 691 2480 sciente
713 2439 745 2480 an
771 2425 915 2498 ignorante
941 2424 1033 2497 aliquo
1058 2421 1123 2495 quid

158 2518 266 2583 gestum
278 2517 457 2582 proponatur.
491 2508 528 2563 Et
542 2510 607 2564 reli
618 2523 705 2582 qua·
747 2537 751 2542 ·

222 2593 287 2666 llap.
310 2591 375 2648 lllll.
419 2593 546 2649 Paulus
576 2593 666 2648 libro
698 2602 729 2650 et
757 2594 956 2666 tituloque
987 2585 1123 2665 supra.4

157 2677 351 2744 inuitatum
372 2678 499 2734 tutandae
520 2678 614 2734 salutis
631 2694 710 2734 causa
731 2680 810 2752 gerit,
832 2695 888 2734 non
909 2677 1018 2733 uidetur
1038 2677 1123 2731 honri·

155 2915 204 2978 lep.
223 2912 301 2962 Corn.
325 2906 361 2962 de'
379 2914 424 2962 sie.
445 2909 554 2974 (issa).
648 2909 679 2976 35)
704 2925 757 2959 cunr
782 2910 875 2958 euaristi
896 2907 930 2959 B.
962 2909 1057 2957 euaristi
1080 2907 1121 2957 Vt.

156 2982 255 3030 abaristi
271 2977 321 3030 Va.¹
344 2995 398 3028 enm
411 2979 520 3028 Euaristo
539 2980 580 3034 ed.
598 2977 643 3028 Bt.
711 2977 733 3041 6)
753 2993 765 3026 e
783 2977 908 3041 prouincia
924 2975 971 3027 Vc.
997 2976 1122 3040 prouincia

157 3047 190 3096 B.
214 3049 254 3096 Vi.
275 3049 336 3097 aad.
413 3046 434 3111 7)
455 3061 526 3096 cansa
544 3046 577 3094 B.
600 3047 640 3098 Vi.
660 3047 701 3098 ed.
721 3043 763 3094 Bt.
792 3059 888 3093 causam
910 3044 957 3093 Vc.
1032 3041 1052 3104 8)
1073 3044 1122 3090 eius

157 3113 220 3165 cdd.
239 3116 298 3162 edd.
367 3113 389 3178 9)
408 3117 533 3164 manifesta
553 3116 627 3162 iuerat
645 3116 694 3163 eius
717 3113 758 3162 Via
785 3115 911 3162 manifesta
931 3114 980 3160 eius
1000 3113 1075 3160 inerat
1087 3109 1122 3158 B.

160 3181 207 3230 Vc.
227 3182 285 3230 edd.
356 3180 389 3241 ⁴⁰)
408 3184 441 3230 L.
461 3191 481 3234 s.
501 3180 527 3244 3.
546 3191 566 3233 a.
585 3181 618 3230 D.
638 3183 670 3231 de
685 3182 778 3245 poenis
796 3181 846 3243 (aa,
866 3177 910 3244 re).
981 3176 1001 3240 1)
1021 3191 1122 3241 poenam

158 3247 221 3297 cdd.
246 3249 305 3298 edd.
335 3251 393 3298 item
411 3251 470 3314 059.
494 3253 510 3298 l.
530 3265 552 3300 e.
640 3247 660 3312 ²)
685 3249 728 3298 Sic
747 3248 811 3298 Odd.
844 3249 930 3296 iustam
948 3246 1007 3308 Dig.
1032 3252 1057 3293 et
1080 3245 1121 3292 ed.

155 3315 198 3364 Bl.
234 3314 274 3376 Cf.
298 3313 331 3366 L.
351 3325 371 3364 5.
396 3318 428 3367 D.
453 3319 484 3366 de
505 3317 581 3378 fugit.
605 3311 661 3378 (n,
680 3314 717 3380 4).
805 3314 825 3377 ³)
849 3313 988 3376 Suspicor:
1013 3311 1122 3375 quaenia

157 3379 227 3446 (quae
246 3381 336 3446 nenia).
438 3382 460 3446 ⁴)
485 3383 525 3445 Cf.
544 3384 580 3432 L.
598 3392 630 3431 11.
650 3381 699 3446 88,
720 3391 739 3432 1.
758 3392 779 3430 a.
798 3383 831 3434 D.
851 3383 887 3430 ad
909 3383 957 3442 lep.
976 3379 1027 3430 Iul.
1048 3381 1079 3426 de
1097 3379 1123 3426 vi

153 3451 221 3514 picit.
243 3449 286 3514 (re,
305 3450 338 3514 a).
