<?xml version="1.0" encoding="UTF-8"?>
<!DOCTYPE html PUBLIC "-//W3C//DTD XHTML 1.0 Transitional//EN"
    "http://www.w3.org/TR/xhtml1/DTD/xhtml1-transitional.dtd">
<html xmlns="http://www.w3.org/1999/xhtml" xml:lang="en" lang="en">
 <head>
  <title>
</title>
<meta http-equiv="Content-Type" content="text/html;charset=utf-8" />
  <meta name='ocr-system' content='tesseract 3.04.00' />
  <meta name='ocr-capabilities' content='ocr_page ocr_carea ocr_par ocr_line ocrx_word'/>
</head>
<body>
  <div class='ocr_page' id='page_1' title='image "./ivrisprvdentiae01huscgoog_0615.png"; bbox 0 0 2614 3960; ppageno 0'>
   <div class='ocr_carea' id='block_1_1' title="bbox 310 140 1094 192">
    <p class='ocr_par' dir='ltr' id='par_1_1' title="bbox 310 140 1094 192">
     <span class='ocr_line' id='line_1_1' title="bbox 310 140 1094 192; baseline 0.014 -10"><span class='ocrx_word' id='word_1_1' title='bbox 310 150 371 185; x_wconf 85' lang='lat' dir='ltr'><strong>nos.</strong></span> <span class='ocrx_word' id='word_1_2' title='bbox 390 149 424 182; x_wconf 84' lang='lat' dir='ltr'>nr</span> <span class='ocrx_word' id='word_1_3' title='bbox 444 151 510 183; x_wconf 58' lang='lat' dir='ltr'>aon„</span> <span class='ocrx_word' id='word_1_4' title='bbox 528 150 624 184; x_wconf 83' lang='lat' dir='ltr'><strong>naovn</strong></span> <span class='ocrx_word' id='word_1_5' title='bbox 643 151 757 186; x_wconf 73' lang='lat' dir='ltr'><strong>cotnra.</strong></span> <span class='ocrx_word' id='word_1_6' title='bbox 778 140 823 186; x_wconf 81' lang='lat' dir='ltr'><strong>XV.</strong></span> <span class='ocrx_word' id='word_1_7' title='bbox 845 142 866 186; x_wconf 92' lang='lat'><strong>1.</strong></span> <span class='ocrx_word' id='word_1_8' title='bbox 887 141 910 188; x_wconf 77' lang='lat'><strong>2.</strong></span> <span class='ocrx_word' id='word_1_9' title='bbox 1045 145 1094 192; x_wconf 79' lang='lat'><strong>595</strong></span> 
     </span>
    </p>
   </div>
   <div class='ocr_carea' id='block_1_2' title="bbox 129 289 1096 702">
    <p class='ocr_par' dir='ltr' id='par_1_2' title="bbox 129 289 1096 702">
     <span class='ocr_line' id='line_1_2' title="bbox 194 289 1096 354; baseline 0.002 -6"><span class='ocrx_word' id='word_1_10' title='bbox 194 289 222 348; x_wconf 88' lang='grc'><strong>6.</strong></span> <span class='ocrx_word' id='word_1_11' title='bbox 248 289 432 352; x_wconf 84' lang='lat' dir='ltr'><strong>Sciendum</strong></span> <span class='ocrx_word' id='word_1_12' title='bbox 456 299 566 346; x_wconf 89' lang='lat' dir='ltr'><strong>tamen</strong></span> <span class='ocrx_word' id='word_1_13' title='bbox 589 299 654 354; x_wconf 88' lang='lat' dir='ltr'><strong>est,</strong></span> <span class='ocrx_word' id='word_1_14' title='bbox 680 309 717 348; x_wconf 81' lang='lat' dir='ltr'><strong>ex</strong></span> <span class='ocrx_word' id='word_1_15' title='bbox 739 293 893 349; x_wconf 89' lang='lat' dir='ltr'><strong>nouellis</strong></span> <span class='ocrx_word' id='word_1_16' title='bbox 920 298 1096 350; x_wconf 89' lang='lat' dir='ltr'><strong>constitu-</strong></span> 
     </span>
     <span class='ocr_line' id='line_1_3' title="bbox 129 367 1094 452; baseline 0.004 -20"><span class='ocrx_word' id='word_1_17' title='bbox 129 367 331 432; x_wconf 77' lang='lat' dir='ltr'><strong>tionibus2⁵</strong></span> <span class='ocrx_word' id='word_1_18' title='bbox 372 377 515 447; x_wconf 89' lang='lat' dir='ltr'>capitali</span> <span class='ocrx_word' id='word_1_19' title='bbox 557 379 734 432; x_wconf 92' lang='lat' dir='ltr'><strong>sententia</strong></span> <span class='ocrx_word' id='word_1_20' title='bbox 776 377 993 451; x_wconf 78' lang='lat' dir='ltr'>plagiatores</span> <span class='ocrx_word' id='word_1_21' title='bbox 1033 398 1094 452; x_wconf 84' lang='lat' dir='ltr'><strong>pro</strong></span> 
     </span>
     <span class='ocr_line' id='line_1_4' title="bbox 130 459 1094 534; baseline 0.002 -18"><span class='ocrx_word' id='word_1_22' title='bbox 130 461 326 516; x_wconf 75' lang='lat' dir='ltr'>atrocitate</span> <span class='ocrx_word' id='word_1_23' title='bbox 356 459 442 514; x_wconf 85' lang='lat' dir='ltr'>lacti</span> <span class='ocrx_word' id='word_1_24' title='bbox 478 460 688 533; x_wconf 89' lang='lat' dir='ltr'><strong>puniendos:</strong></span> <span class='ocrx_word' id='word_1_25' title='bbox 725 463 880 534; x_wconf 84' lang='lat' dir='ltr'><strong>quamuis</strong></span> <span class='ocrx_word' id='word_1_26' title='bbox 911 472 944 518; x_wconf 92' lang='lat' dir='ltr'><strong>et</strong></span> <span class='ocrx_word' id='word_1_27' title='bbox 971 463 1094 520; x_wconf 87' lang='lat' dir='ltr'>Paulus</span> 
     </span>
     <span class='ocr_line' id='line_1_5' title="bbox 129 543 1095 617; baseline 0.004 -17"><span class='ocrx_word' id='word_1_28' title='bbox 129 545 254 600; x_wconf 90' lang='lat' dir='ltr'><strong>relatis</strong></span> <span class='ocrx_word' id='word_1_29' title='bbox 277 561 379 617; x_wconf 90' lang='lat' dir='ltr'>supra</span> <span class='ocrx_word' id='word_1_30' title='bbox 409 543 593 617; x_wconf 82' lang='lat' dir='ltr'><strong>speciebus</strong></span> <span class='ocrx_word' id='word_1_31' title='bbox 620 547 735 600; x_wconf 86' lang='lat' dir='ltr'><strong>crucis</strong></span> <span class='ocrx_word' id='word_1_32' title='bbox 763 555 796 602; x_wconf 92' lang='lat' dir='ltr'><strong>et</strong></span> <span class='ocrx_word' id='word_1_33' title='bbox 822 547 954 602; x_wconf 88' lang='lat' dir='ltr'><strong>metalli</strong></span> <span class='ocrx_word' id='word_1_34' title='bbox 977 549 1095 604; x_wconf 90' lang='lat' dir='ltr'><strong>huius·</strong></span> 
     </span>
     <span class='ocr_line' id='line_1_6' title="bbox 131 629 704 702; baseline 0 -18"><span class='ocrx_word' id='word_1_35' title='bbox 131 629 704 702; x_wconf 83' lang='lat' dir='ltr'><strong>modireisinrogaueritpoenam.</strong></span> 
     </span>
    </p>
   </div>
   <div class='ocr_carea' id='block_1_3' title="bbox 414 725 810 789">
    <p class='ocr_par' dir='ltr' id='par_1_3' title="bbox 414 725 810 789">
     <span class='ocr_line' id='line_1_7' title="bbox 414 725 810 789; baseline 0.008 -16"><span class='ocrx_word' id='word_1_36' title='bbox 414 725 516 789; x_wconf 79' lang='lat' dir='ltr'>Explicit</span> <span class='ocrx_word' id='word_1_37' title='bbox 535 728 613 775; x_wconf 88' lang='lat' dir='ltr'>titulus</span> <span class='ocrx_word' id='word_1_38' title='bbox 633 727 662 774; x_wconf 85' lang='lat' dir='ltr'><strong>de</strong></span> <span class='ocrx_word' id='word_1_39' title='bbox 679 727 810 789; x_wconf 79' lang='lat' dir='ltr'>plagiariis.</span> 
     </span>
    </p>
   </div>
   <div class='ocr_carea' id='block_1_4' title="bbox 557 926 667 960">
    <p class='ocr_par' dir='ltr' id='par_1_4' title="bbox 557 926 667 960">
     <span class='ocr_line' id='line_1_8' title="bbox 557 926 667 960; baseline -0.009 -1"><span class='ocrx_word' id='word_1_40' title='bbox 557 926 667 960; x_wconf 80' lang='lat' dir='ltr'>INCIPIT</span> 
     </span>
    </p>
   </div>
   <div class='ocr_carea' id='block_1_5' title="bbox 72 1004 1093 1090">
    <p class='ocr_par' dir='ltr' id='par_1_5' title="bbox 72 1004 1093 1090">
     <span class='ocr_line' id='line_1_9' title="bbox 72 1004 1093 1090; baseline 0 -16"><span class='ocrx_word' id='word_1_41' title='bbox 72 1006 76 1010; x_wconf 37' lang='grc'><em>“</em></span> <span class='ocrx_word' id='word_1_42' title='bbox 130 1017 215 1090; x_wconf 77' lang='lat' dir='ltr'>(rra.)</span> <span class='ocrx_word' id='word_1_43' title='bbox 230 1004 301 1074; x_wconf 59' lang='lat' dir='ltr'><strong>nvss1</strong></span> <span class='ocrx_word' id='word_1_44' title='bbox 316 1031 358 1070; x_wconf 84' lang='lat' dir='ltr'><strong>nn</strong></span> <span class='ocrx_word' id='word_1_45' title='bbox 374 1030 619 1077; x_wconf 76' lang='lat' dir='ltr'><strong>marmannmors,</strong></span> <span class='ocrx_word' id='word_1_46' title='bbox 636 1015 821 1087; x_wconf 61' lang='lat' dir='ltr'><strong>(matamors)</strong></span> <span class='ocrx_word' id='word_1_47' title='bbox 837 1031 876 1072; x_wconf 85' lang='lat' dir='ltr'>nr</span> <span class='ocrx_word' id='word_1_48' title='bbox 888 1033 1093 1076; x_wconf 75' lang='lat' dir='ltr'><strong>nauronnnrs.</strong></span> 
     </span>
    </p>
   </div>
   <div class='ocr_carea' id='block_1_6' title="bbox 129 1142 1094 1478">
    <p class='ocr_par' dir='ltr' id='par_1_6' title="bbox 129 1142 1094 1478">
     <span class='ocr_line' id='line_1_10' title="bbox 171 1142 1094 1225; baseline 0.002 -19"><span class='ocrx_word' id='word_1_49' title='bbox 171 1156 174 1162; x_wconf 89' lang='lat'>&#39;</span> <span class='ocrx_word' id='word_1_50' title='bbox 196 1152 261 1223; x_wconf 87' lang='lat' dir='ltr'>llap.</span> <span class='ocrx_word' id='word_1_51' title='bbox 283 1152 310 1206; x_wconf 92' lang='lat'><strong>1.</strong></span> <span class='ocrx_word' id='word_1_52' title='bbox 342 1150 477 1224; x_wconf 83' lang='lat' dir='ltr'><strong>Moyses</strong></span> <span class='ocrx_word' id='word_1_53' title='bbox 494 1142 618 1204; x_wconf 81' lang='lat' dir='ltr'><strong>dicit:²</strong></span> <span class='ocrx_word' id='word_1_54' title='bbox 638 1148 663 1205; x_wconf 89' lang='lat'><strong>1.</strong></span> <span class='ocrx_word' id='word_1_55' title='bbox 679 1149 739 1205; x_wconf 91' lang='lat' dir='ltr'><strong>Non</strong></span> <span class='ocrx_word' id='word_1_56' title='bbox 760 1152 915 1205; x_wconf 90' lang='lat' dir='ltr'><strong>inueniatur</strong></span> <span class='ocrx_word' id='word_1_57' title='bbox 935 1153 962 1206; x_wconf 90' lang='lat' dir='ltr'><strong>in</strong></span> <span class='ocrx_word' id='word_1_58' title='bbox 985 1161 1025 1215; x_wconf 89' lang='lat' dir='ltr'><strong>te,</strong></span> <span class='ocrx_word' id='word_1_59' title='bbox 1048 1156 1094 1225; x_wconf 92' lang='lat' dir='ltr'><strong>qui</strong></span> 
     </span>
     <span class='ocr_line' id='line_1_11' title="bbox 129 1233 1093 1309; baseline -0.003 -16"><span class='ocrx_word' id='word_1_60' title='bbox 129 1238 229 1293; x_wconf 88' lang='lat' dir='ltr'><strong>lustret</strong></span> <span class='ocrx_word' id='word_1_61' title='bbox 245 1234 329 1291; x_wconf 86' lang='lat' dir='ltr'><strong>hlium</strong></span> <span class='ocrx_word' id='word_1_62' title='bbox 345 1243 421 1289; x_wconf 88' lang='lat' dir='ltr'>tuum</span> <span class='ocrx_word' id='word_1_63' title='bbox 438 1242 483 1288; x_wconf 90' lang='lat' dir='ltr'><strong>aut</strong></span> <span class='ocrx_word' id='word_1_64' title='bbox 500 1233 580 1288; x_wconf 83' lang='lat' dir='ltr'>liliam</span> <span class='ocrx_word' id='word_1_65' title='bbox 596 1242 684 1296; x_wconf 88' lang='lat' dir='ltr'>tuam,</span> <span class='ocrx_word' id='word_1_66' title='bbox 707 1251 757 1289; x_wconf 87' lang='lat' dir='ltr'><strong>nec</strong></span> <span class='ocrx_word' id='word_1_67' title='bbox 778 1235 900 1296; x_wconf 83' lang='lat' dir='ltr'><strong>diuinus,</strong></span> <span class='ocrx_word' id='word_1_68' title='bbox 922 1235 992 1308; x_wconf 92' lang='lat' dir='ltr'><strong>apud</strong></span> <span class='ocrx_word' id='word_1_69' title='bbox 1014 1253 1093 1309; x_wconf 89' lang='lat' dir='ltr'><strong>quem</strong></span> 
     </span>
     <span class='ocr_line' id='line_1_12' title="bbox 131 1319 1094 1392; baseline -0.003 -15"><span class='ocrx_word' id='word_1_70' title='bbox 131 1330 219 1377; x_wconf 87' lang='lat' dir='ltr'><strong>sortes</strong></span> <span class='ocrx_word' id='word_1_71' title='bbox 240 1319 334 1375; x_wconf 89' lang='lat' dir='ltr'>tollas:</span> <span class='ocrx_word' id='word_1_72' title='bbox 357 1336 407 1374; x_wconf 90' lang='lat' dir='ltr'><strong>nec</strong></span> <span class='ocrx_word' id='word_1_73' title='bbox 428 1319 580 1390; x_wconf 81' lang='lat' dir='ltr'><strong>consentias</strong></span> <span class='ocrx_word' id='word_1_74' title='bbox 594 1320 748 1374; x_wconf 90' lang='lat' dir='ltr'><strong>uenenariis</strong></span> <span class='ocrx_word' id='word_1_75' title='bbox 764 1319 974 1392; x_wconf 83' lang='lat' dir='ltr'><strong>impostoribus,</strong></span> <span class='ocrx_word' id='word_1_76' title='bbox 993 1322 1039 1392; x_wconf 90' lang='lat' dir='ltr'><strong>qui</strong></span> <span class='ocrx_word' id='word_1_77' title='bbox 1054 1321 1094 1374; x_wconf 94' lang='lat' dir='ltr'><strong>di·</strong></span> 
     </span>
     <span class='ocr_line' id='line_1_13' title="bbox 129 1401 1092 1478; baseline -0.004 -16"><span class='ocrx_word' id='word_1_78' title='bbox 129 1413 206 1466; x_wconf 90' lang='lat' dir='ltr'>cunt,</span> <span class='ocrx_word' id='word_1_79' title='bbox 224 1404 287 1478; x_wconf 88' lang='lat' dir='ltr'><strong>quid</strong></span> <span class='ocrx_word' id='word_1_80' title='bbox 304 1410 464 1476; x_wconf 87' lang='lat' dir='ltr'><strong>conceptum</strong></span> <span class='ocrx_word' id='word_1_81' title='bbox 481 1402 575 1459; x_wconf 90' lang='lat' dir='ltr'><strong>habeat</strong></span> <span class='ocrx_word' id='word_1_82' title='bbox 591 1402 693 1465; x_wconf 84' lang='lat' dir='ltr'><strong>mulier,</strong></span> <span class='ocrx_word' id='word_1_83' title='bbox 709 1405 835 1476; x_wconf 91' lang='lat' dir='ltr'><strong>quoniam</strong></span> <span class='ocrx_word' id='word_1_84' title='bbox 848 1401 954 1459; x_wconf 83' lang='lat' dir='ltr'><strong>fabulae</strong></span> <span class='ocrx_word' id='word_1_85' title='bbox 966 1404 1092 1460; x_wconf 88' lang='lat' dir='ltr'><strong>seducto·</strong></span> 
     </span>
    </p>
   </div>
   <div class='ocr_carea' id='block_1_7' title="bbox 6 1480 1091 1564">
    <p class='ocr_par' dir='ltr' id='par_1_7' title="bbox 6 1480 1091 1564">
     <span class='ocr_line' id='line_1_14' title="bbox 6 1480 1091 1564; baseline -0.004 -18"><span class='ocrx_word' id='word_1_86' title='bbox 6 1487 9 1546; x_wconf 68' lang='grc' dir='ltr'><strong>ἰ</strong></span> <span class='ocrx_word' id='word_1_87' title='bbox 50 1483 51 1488; x_wconf 32' lang='lat'>¹</span> <span class='ocrx_word' id='word_1_88' title='bbox 131 1493 185 1545; x_wconf 90' lang='lat' dir='ltr'><strong>riae</strong></span> <span class='ocrx_word' id='word_1_89' title='bbox 201 1497 273 1544; x_wconf 92' lang='lat' dir='ltr'><strong>sunt.</strong></span> <span class='ocrx_word' id='word_1_90' title='bbox 319 1487 374 1542; x_wconf 90' lang='lat' dir='ltr'><strong>Nec</strong></span> <span class='ocrx_word' id='word_1_91' title='bbox 390 1480 702 1564; x_wconf 77' lang='lat' dir='ltr'><strong>’attendas3prodigia,</strong></span> <span class='ocrx_word' id='word_1_92' title='bbox 719 1489 937 1560; x_wconf 82' lang='lat' dir='ltr'><strong>necinterroges</strong></span> <span class='ocrx_word' id='word_1_93' title='bbox 960 1496 1091 1544; x_wconf 89' lang='lat' dir='ltr'><strong>mortuos.</strong></span> 
     </span>
    </p>
   </div>
   <div class='ocr_carea' id='block_1_8' title="bbox 87 1570 1116 2740">
    <p class='ocr_par' dir='ltr' id='par_1_8' title="bbox 87 1570 1116 2403">
     <span class='ocr_line' id='line_1_15' title="bbox 132 1570 1095 1646; baseline -0.002 -16"><span class='ocrx_word' id='word_1_94' title='bbox 132 1570 159 1631; x_wconf 82' lang='lat'><strong>2.</strong></span> <span class='ocrx_word' id='word_1_95' title='bbox 177 1573 236 1628; x_wconf 88' lang='lat' dir='ltr'><strong>Non</strong></span> <span class='ocrx_word' id='word_1_96' title='bbox 251 1574 404 1628; x_wconf 81' lang='lat' dir='ltr'><strong>mueniatur</strong></span> <span class='ocrx_word' id='word_1_97' title='bbox 419 1574 446 1627; x_wconf 88' lang='lat' dir='ltr'><strong>in</strong></span> <span class='ocrx_word' id='word_1_98' title='bbox 464 1580 489 1627; x_wconf 92' lang='lat' dir='ltr'><strong>te</strong></span> <span class='ocrx_word' id='word_1_99' title='bbox 505 1579 667 1646; x_wconf 81' lang='lat' dir='ltr'>augurator,</span> <span class='ocrx_word' id='word_1_100' title='bbox 684 1588 734 1627; x_wconf 92' lang='lat' dir='ltr'><strong>nec</strong></span> <span class='ocrx_word' id='word_1_101' title='bbox 753 1573 893 1646; x_wconf 90' lang='lat' dir='ltr'><strong>inspector</strong></span> <span class='ocrx_word' id='word_1_102' title='bbox 913 1574 1016 1635; x_wconf 89' lang='lat' dir='ltr'>auium,</span> <span class='ocrx_word' id='word_1_103' title='bbox 1029 1625 1030 1630; x_wconf 71' lang='grc'>,</span> <span class='ocrx_word' id='word_1_104' title='bbox 1044 1589 1095 1628; x_wconf 88' lang='lat' dir='ltr'><strong>nec</strong></span> 
     </span>
     <span class='ocr_line' id='line_1_16' title="bbox 131 1655 1091 1728; baseline -0.001 -15"><span class='ocrx_word' id='word_1_105' title='bbox 131 1657 282 1720; x_wconf 86' lang='lat' dir='ltr'><strong>maleficus,</strong></span> <span class='ocrx_word' id='word_1_106' title='bbox 310 1665 355 1712; x_wconf 90' lang='lat' dir='ltr'><strong>aut</strong></span> <span class='ocrx_word' id='word_1_107' title='bbox 376 1659 542 1719; x_wconf 89' lang='lat' dir='ltr'>incantator,</span> <span class='ocrx_word' id='word_1_108' title='bbox 566 1673 616 1711; x_wconf 94' lang='lat' dir='ltr'><strong>nec</strong></span> <span class='ocrx_word' id='word_1_109' title='bbox 636 1656 786 1728; x_wconf 85' lang='lat' dir='ltr'><strong>Pythonem</strong></span> <span class='ocrx_word' id='word_1_110' title='bbox 815 1655 916 1712; x_wconf 89' lang='lat' dir='ltr'><strong>habens</strong></span> <span class='ocrx_word' id='word_1_111' title='bbox 940 1659 1091 1720; x_wconf 84' lang='lat' dir='ltr'><strong>inuenire,</strong></span> 
     </span>
     <span class='ocr_line' id='line_1_17' title="bbox 130 1742 1094 1816; baseline -0.004 -18"><span class='ocrx_word' id='word_1_112' title='bbox 130 1760 180 1798; x_wconf 92' lang='lat' dir='ltr'><strong>nec</strong></span> <span class='ocrx_word' id='word_1_113' title='bbox 201 1759 329 1816; x_wconf 78' lang='lat' dir='ltr'>aruspex,</span> <span class='ocrx_word' id='word_1_114' title='bbox 356 1758 405 1796; x_wconf 90' lang='lat' dir='ltr'><strong>nec</strong></span> <span class='ocrx_word' id='word_1_115' title='bbox 426 1743 612 1814; x_wconf 84' lang='lat' dir='ltr'><strong>interrogator</strong></span> <span class='ocrx_word' id='word_1_116' title='bbox 633 1750 818 1804; x_wconf 90' lang='lat' dir='ltr'>mortuorum,</span> <span class='ocrx_word' id='word_1_117' title='bbox 840 1758 890 1796; x_wconf 90' lang='lat' dir='ltr'><strong>nec</strong></span> <span class='ocrx_word' id='word_1_118' title='bbox 912 1747 1039 1814; x_wconf 87' lang='lat' dir='ltr'><strong>portenta</strong></span> <span class='ocrx_word' id='word_1_119' title='bbox 1054 1742 1094 1794; x_wconf 91' lang='lat' dir='ltr'>in-</span> 
     </span>
     <span class='ocr_line' id='line_1_18' title="bbox 87 1822 1096 1898; baseline -0.005 -16"><span class='ocrx_word' id='word_1_120' title='bbox 87 1832 89 1834; x_wconf 81' lang='grc'><strong>’</strong></span> <span class='ocrx_word' id='word_1_121' title='bbox 131 1829 257 1898; x_wconf 89' lang='lat' dir='ltr'><strong>spiciens.</strong></span> <span class='ocrx_word' id='word_1_122' title='bbox 302 1822 330 1882; x_wconf 84' lang='lat'><strong>3.</strong></span> <span class='ocrx_word' id='word_1_123' title='bbox 357 1825 451 1880; x_wconf 90' lang='lat' dir='ltr'><strong>Omnia</strong></span> <span class='ocrx_word' id='word_1_124' title='bbox 472 1842 588 1898; x_wconf 90' lang='lat' dir='ltr'><strong>namque</strong></span> <span class='ocrx_word' id='word_1_125' title='bbox 603 1825 812 1880; x_wconf 85' lang='lat' dir='ltr'><strong>istaallomino</strong></span> <span class='ocrx_word' id='word_1_126' title='bbox 835 1826 885 1880; x_wconf 94' lang='lat' dir='ltr'><strong>deo</strong></span> <span class='ocrx_word' id='word_1_127' title='bbox 903 1833 950 1878; x_wconf 91' lang='lat' dir='ltr'>tuo</span> <span class='ocrx_word' id='word_1_128' title='bbox 972 1823 1096 1878; x_wconf 90' lang='lat' dir='ltr'><strong>damnata</strong></span> 
     </span>
     <span class='ocr_line' id='line_1_19' title="bbox 131 1905 1094 1982; baseline -0.003 -18"><span class='ocrx_word' id='word_1_129' title='bbox 131 1919 204 1972; x_wconf 87' lang='lat' dir='ltr'>sunt,</span> <span class='ocrx_word' id='word_1_130' title='bbox 229 1918 255 1964; x_wconf 92' lang='lat' dir='ltr'><strong>et</strong></span> <span class='ocrx_word' id='word_1_131' title='bbox 278 1910 325 1980; x_wconf 91' lang='lat' dir='ltr'><strong>qui</strong></span> <span class='ocrx_word' id='word_1_132' title='bbox 345 1910 438 1964; x_wconf 89' lang='lat' dir='ltr'><strong>lecerit</strong></span> <span class='ocrx_word' id='word_1_133' title='bbox 459 1911 533 1964; x_wconf 91' lang='lat' dir='ltr'><strong>haec.</strong></span> <span class='ocrx_word' id='word_1_134' title='bbox 579 1905 695 1982; x_wconf 86' lang='lat' dir='ltr'><strong>Propter</strong></span> <span class='ocrx_word' id='word_1_135' title='bbox 717 1910 764 1964; x_wconf 91' lang='lat' dir='ltr'><strong>has</strong></span> <span class='ocrx_word' id='word_1_136' title='bbox 787 1911 858 1963; x_wconf 90' lang='lat' dir='ltr'><strong>enim</strong></span> <span class='ocrx_word' id='word_1_137' title='bbox 881 1907 1094 1962; x_wconf 87' lang='lat' dir='ltr'><strong>abominationes</strong></span> 
     </span>
     <span class='ocr_line' id='line_1_20' title="bbox 131 1987 1116 2054; baseline -0.006 -6"><span class='ocrx_word' id='word_1_138' title='bbox 131 1995 197 2048; x_wconf 90' lang='lat' dir='ltr'><strong>deus</strong></span> <span class='ocrx_word' id='word_1_139' title='bbox 224 1993 368 2047; x_wconf 89' lang='lat' dir='ltr'><strong>eradicauit</strong></span> <span class='ocrx_word' id='word_1_140' title='bbox 394 1987 600 2048; x_wconf 73' lang='lat' dir='ltr'><strong>’Chananacos4</strong></span> <span class='ocrx_word' id='word_1_141' title='bbox 626 2010 641 2047; x_wconf 95' lang='lat' dir='ltr'>a</span> <span class='ocrx_word' id='word_1_142' title='bbox 667 1994 734 2048; x_wconf 83' lang='lat' dir='ltr'><strong>facie</strong></span> <span class='ocrx_word' id='word_1_143' title='bbox 757 1987 854 2054; x_wconf 84' lang='lat' dir='ltr'>&#39;tua;⁵</span> <span class='ocrx_word' id='word_1_144' title='bbox 898 1989 928 2047; x_wconf 88' lang='lat'><strong>4.</strong></span> <span class='ocrx_word' id='word_1_145' title='bbox 952 1998 983 2044; x_wconf 90' lang='lat' dir='ltr'>tu</span> <span class='ocrx_word' id='word_1_146' title='bbox 1005 1998 1116 2046; x_wconf 69' lang='lat' dir='ltr'><strong>autem,</strong></span> 
     </span>
     <span class='ocr_line' id='line_1_21' title="bbox 131 2072 1093 2152; baseline -0.005 -20"><span class='ocrx_word' id='word_1_147' title='bbox 131 2072 268 2152; x_wconf 87' lang='lat' dir='ltr'><strong>perlectus</strong></span> <span class='ocrx_word' id='word_1_148' title='bbox 290 2078 342 2132; x_wconf 92' lang='lat' dir='ltr'><strong>eris</strong></span> <span class='ocrx_word' id='word_1_149' title='bbox 364 2084 426 2131; x_wconf 88' lang='lat' dir='ltr'><strong>ante</strong></span> <span class='ocrx_word' id='word_1_150' title='bbox 448 2075 588 2132; x_wconf 88' lang='lat' dir='ltr'><strong>bominum</strong></span> <span class='ocrx_word' id='word_1_151' title='bbox 610 2078 689 2132; x_wconf 89' lang='lat' dir='ltr'><strong>deum</strong></span> <span class='ocrx_word' id='word_1_152' title='bbox 713 2087 801 2132; x_wconf 88' lang='lat' dir='ltr'>tuum:</span> <span class='ocrx_word' id='word_1_153' title='bbox 841 2075 867 2133; x_wconf 84' lang='lat'><strong>5.</strong></span> <span class='ocrx_word' id='word_1_154' title='bbox 898 2083 995 2148; x_wconf 82' lang='lat' dir='ltr'><strong>gentes</strong></span> <span class='ocrx_word' id='word_1_155' title='bbox 1022 2076 1093 2128; x_wconf 88' lang='lat' dir='ltr'><strong>enim</strong></span> 
     </span>
     <span class='ocr_line' id='line_1_22' title="bbox 130 2159 1093 2234; baseline -0.006 -17"><span class='ocrx_word' id='word_1_156' title='bbox 130 2165 212 2225; x_wconf 90' lang='lat' dir='ltr'><strong>istae,</strong></span> <span class='ocrx_word' id='word_1_157' title='bbox 235 2177 301 2234; x_wconf 90' lang='lat' dir='ltr'>quas</span> <span class='ocrx_word' id='word_1_158' title='bbox 317 2169 347 2216; x_wconf 89' lang='lat' dir='ltr'>tu</span> <span class='ocrx_word' id='word_1_159' title='bbox 368 2160 535 2233; x_wconf 85' lang='lat' dir='ltr'><strong>possidebis,</strong></span> <span class='ocrx_word' id='word_1_160' title='bbox 560 2163 673 2233; x_wconf 82' lang='lat' dir='ltr'>auguria</span> <span class='ocrx_word' id='word_1_161' title='bbox 698 2169 726 2214; x_wconf 90' lang='lat' dir='ltr'><strong>et</strong></span> <span class='ocrx_word' id='word_1_162' title='bbox 747 2167 836 2214; x_wconf 89' lang='lat' dir='ltr'><strong>sortes</strong></span> <span class='ocrx_word' id='word_1_163' title='bbox 863 2166 890 2214; x_wconf 89' lang='lat' dir='ltr'><strong>et</strong></span> <span class='ocrx_word' id='word_1_164' title='bbox 913 2159 1093 2213; x_wconf 89' lang='lat' dir='ltr'><strong>diuinationes</strong></span> 
     </span>
     <span class='ocr_line' id='line_1_23' title="bbox 132 2246 850 2302; baseline -0.007 0"><span class='ocrx_word' id='word_1_165' title='bbox 132 2246 284 2302; x_wconf 87' lang='lat' dir='ltr'>audiebant.</span> <span class='ocrx_word' id='word_1_166' title='bbox 846 2265 850 2272; x_wconf 66' lang='grc'><strong><em>’</em></strong></span> 
     </span>
     <span class='ocr_line' id='line_1_24' title="bbox 195 2325 1092 2403; baseline -0.006 -18"><span class='ocrx_word' id='word_1_167' title='bbox 195 2330 307 2403; x_wconf 84' lang='lat' dir='ltr'>liapll.</span> <span class='ocrx_word' id='word_1_168' title='bbox 338 2325 1092 2401; x_wconf 84' lang='lat' dir='ltr'><strong>Ulpianuslibrovrr.deollioioproconsu·</strong></span> 
     </span>
    </p>

    <p class='ocr_par' dir='ltr' id='par_1_9' title="bbox 130 2411 1093 2740">
     <span class='ocr_line' id='line_1_25' title="bbox 131 2411 1093 2478; baseline -0.006 -8"><span class='ocrx_word' id='word_1_169' title='bbox 131 2415 189 2478; x_wconf 92' lang='lat' dir='ltr'>lis,</span> <span class='ocrx_word' id='word_1_170' title='bbox 222 2415 282 2470; x_wconf 91' lang='lat' dir='ltr'><strong>sub</strong></span> <span class='ocrx_word' id='word_1_171' title='bbox 312 2413 421 2469; x_wconf 88' lang='lat' dir='ltr'>titulo</span> <span class='ocrx_word' id='word_1_172' title='bbox 448 2412 487 2468; x_wconf 89' lang='lat' dir='ltr'><strong>de</strong></span> <span class='ocrx_word' id='word_1_173' title='bbox 513 2412 766 2466; x_wconf 86' lang='lat' dir='ltr'><strong>mathematicis</strong></span> <span class='ocrx_word' id='word_1_174' title='bbox 789 2419 821 2466; x_wconf 89' lang='lat' dir='ltr'><strong>et</strong></span> <span class='ocrx_word' id='word_1_175' title='bbox 842 2411 1093 2466; x_wconf 90' lang='lat' dir='ltr'>uaticinatori·</span> 
     </span>
     <span class='ocr_line' id='line_1_26' title="bbox 133 2489 1092 2553; baseline -0.005 0"><span class='ocrx_word' id='word_1_176' title='bbox 133 2499 203 2553; x_wconf 92' lang='lat' dir='ltr'><strong>bus.</strong></span> <span class='ocrx_word' id='word_1_177' title='bbox 253 2495 277 2552; x_wconf 92' lang='lat'><strong>1.</strong></span> <span class='ocrx_word' id='word_1_178' title='bbox 299 2497 442 2552; x_wconf 88' lang='lat' dir='ltr'><strong>Praeterea</strong></span> <span class='ocrx_word' id='word_1_179' title='bbox 465 2489 644 2550; x_wconf 78' lang='lat' dir='ltr'><strong>&#39;interdicta6</strong></span> <span class='ocrx_word' id='word_1_180' title='bbox 666 2503 707 2551; x_wconf 87' lang='lat' dir='ltr'><strong>est</strong></span> <span class='ocrx_word' id='word_1_181' title='bbox 727 2497 976 2551; x_wconf 89' lang='lat' dir='ltr'><strong>mathematicorum</strong></span> <span class='ocrx_word' id='word_1_182' title='bbox 998 2495 1092 2550; x_wconf 90' lang='lat' dir='ltr'>callida</span> 
     </span>
     <span class='ocr_line' id='line_1_27' title="bbox 130 2571 1093 2655; baseline -0.004 -19"><span class='ocrx_word' id='word_1_183' title='bbox 130 2585 281 2655; x_wconf 90' lang='lat' dir='ltr'>impostura</span> <span class='ocrx_word' id='word_1_184' title='bbox 301 2590 328 2636; x_wconf 91' lang='lat' dir='ltr'><strong>et</strong></span> <span class='ocrx_word' id='word_1_185' title='bbox 350 2581 489 2653; x_wconf 83' lang='lat' dir='ltr'><strong>&#39;opicatae</strong></span> <span class='ocrx_word' id='word_1_186' title='bbox 502 2574 585 2636; x_wconf 84' lang='lat' dir='ltr'><strong>artis⁷</strong></span> <span class='ocrx_word' id='word_1_187' title='bbox 602 2571 787 2654; x_wconf 79' lang='lat' dir='ltr'><strong>&#39;persuasio.⁸</strong></span> <span class='ocrx_word' id='word_1_188' title='bbox 813 2579 868 2634; x_wconf 91' lang='lat' dir='ltr'><strong>Nec</strong></span> <span class='ocrx_word' id='word_1_189' title='bbox 884 2577 963 2636; x_wconf 89' lang='lat' dir='ltr'><strong>hodie</strong></span> <span class='ocrx_word' id='word_1_190' title='bbox 978 2581 1093 2652; x_wconf 86' lang='lat' dir='ltr'><strong>primurn</strong></span> 
     </span>
     <span class='ocr_line' id='line_1_28' title="bbox 130 2657 1092 2740; baseline -0.005 -19"><span class='ocrx_word' id='word_1_191' title='bbox 130 2666 254 2722; x_wconf 87' lang='lat' dir='ltr'><strong>interdici</strong></span> <span class='ocrx_word' id='word_1_192' title='bbox 275 2668 313 2720; x_wconf 90' lang='lat' dir='ltr'><strong>eis</strong></span> <span class='ocrx_word' id='word_1_193' title='bbox 334 2667 442 2740; x_wconf 87' lang='lat' dir='ltr'>placuit,</span> <span class='ocrx_word' id='word_1_194' title='bbox 464 2665 512 2720; x_wconf 91' lang='lat' dir='ltr'><strong>sed</strong></span> <span class='ocrx_word' id='word_1_195' title='bbox 529 2674 607 2720; x_wconf 82' lang='lat' dir='ltr'><strong>uetris</strong></span> <span class='ocrx_word' id='word_1_196' title='bbox 623 2666 689 2722; x_wconf 91' lang='lat' dir='ltr'><strong>haec</strong></span> <span class='ocrx_word' id='word_1_197' title='bbox 704 2664 851 2738; x_wconf 89' lang='lat' dir='ltr'><strong>prohibitio</strong></span> <span class='ocrx_word' id='word_1_198' title='bbox 869 2657 941 2719; x_wconf 70' lang='lat' dir='ltr'><strong>est.⁰</strong></span> <span class='ocrx_word' id='word_1_199' title='bbox 974 2663 1092 2734; x_wconf 84' lang='lat' dir='ltr'><strong>lienique</strong></span> 
     </span>
    </p>
   </div>
   <div class='ocr_carea' id='block_1_9' title="bbox 131 2795 332 2808">
    <p class='ocr_par' dir='ltr' id='par_1_10' title="bbox 131 2795 332 2808">
     <span class='ocr_line' id='line_1_29' title="bbox 131 2795 332 2808; baseline -0.005 0"><span class='ocrx_word' id='word_1_200' title='bbox 131 2795 332 2808; x_wconf 47' lang='lat' dir='ltr'><strong>mut—-</strong></span> 
     </span>
    </p>
   </div>
   <div class='ocr_carea' id='block_1_10' title="bbox 129 2877 1091 2948">
    <p class='ocr_par' dir='ltr' id='par_1_11' title="bbox 129 2877 1091 2948">
     <span class='ocr_line' id='line_1_30' title="bbox 129 2877 1091 2948; baseline -0.005 -15"><span class='ocrx_word' id='word_1_201' title='bbox 129 2881 161 2948; x_wconf 66' lang='grc'><strong>25)</strong></span> <span class='ocrx_word' id='word_1_202' title='bbox 180 2885 212 2935; x_wconf 88' lang='lat' dir='ltr'><strong>L.</strong></span> <span class='ocrx_word' id='word_1_203' title='bbox 227 2892 246 2932; x_wconf 86' lang='lat'><strong>7.</strong></span> <span class='ocrx_word' id='word_1_204' title='bbox 261 2892 292 2932; x_wconf 84' lang='lat' dir='ltr'><strong>ta.</strong></span> <span class='ocrx_word' id='word_1_205' title='bbox 314 2883 341 2932; x_wconf 75' lang='lat' dir='ltr'><strong>(J.</strong></span> <span class='ocrx_word' id='word_1_206' title='bbox 355 2883 378 2931; x_wconf 83' lang='lat' dir='ltr'><strong>h.</strong></span> <span class='ocrx_word' id='word_1_207' title='bbox 393 2889 410 2931; x_wconf 83' lang='lat' dir='ltr'><strong>t.</strong></span> <span class='ocrx_word' id='word_1_208' title='bbox 436 2882 467 2930; x_wconf 84' lang='lat' dir='ltr'><strong>L.</strong></span> <span class='ocrx_word' id='word_1_209' title='bbox 486 2899 530 2934; x_wconf 87' lang='lat' dir='ltr'>un.</span> <span class='ocrx_word' id='word_1_210' title='bbox 551 2881 595 2930; x_wconf 77' lang='lat' dir='ltr'><strong>Ta.</strong></span> <span class='ocrx_word' id='word_1_211' title='bbox 614 2879 642 2934; x_wconf 81' lang='lat' dir='ltr'><strong>G.</strong></span> <span class='ocrx_word' id='word_1_212' title='bbox 662 2881 718 2929; x_wconf 85' lang='lat' dir='ltr'><strong>eod.</strong></span> <span class='ocrx_word' id='word_1_213' title='bbox 738 2878 769 2944; x_wconf 83' lang='grc'><strong>(9,</strong></span> <span class='ocrx_word' id='word_1_214' title='bbox 789 2877 833 2943; x_wconf 83' lang='grc'>18),</span> <span class='ocrx_word' id='word_1_215' title='bbox 853 2893 917 2943; x_wconf 83' lang='lat' dir='ltr'><strong>qnae</strong></span> <span class='ocrx_word' id='word_1_216' title='bbox 937 2883 996 2924; x_wconf 83' lang='lat' dir='ltr'>sunt</span> <span class='ocrx_word' id='word_1_217' title='bbox 1009 2877 1091 2928; x_wconf 79' lang='lat' dir='ltr'>Diocl.</span> 
     </span>
    </p>
   </div>
   <div class='ocr_carea' id='block_1_11' title="bbox 129 2951 1093 3486">
    <p class='ocr_par' dir='ltr' id='par_1_12' title="bbox 129 2951 796 3000">
     <span class='ocr_line' id='line_1_31' title="bbox 129 2951 796 3000; baseline -0.007 0"><span class='ocrx_word' id='word_1_218' title='bbox 129 2960 153 3000; x_wconf 87' lang='lat' dir='ltr'><strong>et</strong></span> <span class='ocrx_word' id='word_1_219' title='bbox 172 2951 249 3000; x_wconf 76' lang='lat' dir='ltr'><strong>Mum.</strong></span> <span class='ocrx_word' id='word_1_220' title='bbox 269 2957 294 3000; x_wconf 83' lang='lat' dir='ltr'><strong>et</strong></span> <span class='ocrx_word' id='word_1_221' title='bbox 313 2951 480 3000; x_wconf 82' lang='lat' dir='ltr'>Constantini.</span> <span class='ocrx_word' id='word_1_222' title='bbox 793 2985 796 2990; x_wconf 94' lang='lat'>.</span> 
     </span>
    </p>

    <p class='ocr_par' dir='ltr' id='par_1_13' title="bbox 130 3013 1093 3486">
     <span class='ocr_line' id='line_1_32' title="bbox 197 3013 1090 3080; baseline -0.009 -13"><span class='ocrx_word' id='word_1_223' title='bbox 197 3016 217 3080; x_wconf 83' lang='lat'><strong>¹)</strong></span> <span class='ocrx_word' id='word_1_224' title='bbox 237 3019 270 3070; x_wconf 86' lang='lat' dir='ltr'><strong>B.</strong></span> <span class='ocrx_word' id='word_1_225' title='bbox 290 3035 336 3071; x_wconf 80' lang='lat' dir='ltr'><strong>ona.</strong></span> <span class='ocrx_word' id='word_1_226' title='bbox 354 3019 400 3070; x_wconf 87' lang='lat' dir='ltr'><strong>Ve.</strong></span> <span class='ocrx_word' id='word_1_227' title='bbox 419 3017 459 3066; x_wconf 86' lang='lat' dir='ltr'><strong>Vi.</strong></span> <span class='ocrx_word' id='word_1_228' title='bbox 529 3014 550 3078; x_wconf 84' lang='lat'><strong>²)</strong></span> <span class='ocrx_word' id='word_1_229' title='bbox 566 3017 709 3065; x_wconf 76' lang='lat' dir='ltr'><strong>-Ileuteron,</strong></span> <span class='ocrx_word' id='word_1_230' title='bbox 730 3023 761 3072; x_wconf 78' lang='lat'><strong>18,</strong></span> <span class='ocrx_word' id='word_1_231' title='bbox 782 3022 882 3073; x_wconf 79' lang='lat'>10—14.,</span> <span class='ocrx_word' id='word_1_232' title='bbox 900 3013 949 3061; x_wconf 81' lang='lat' dir='ltr'><strong>ced</strong></span> <span class='ocrx_word' id='word_1_233' title='bbox 964 3013 1090 3061; x_wconf 84' lang='lat' dir='ltr'><strong>sententia</strong></span> 
     </span>
     <span class='ocr_line' id='line_1_33' title="bbox 130 3076 1093 3149; baseline -0.006 -17"><span class='ocrx_word' id='word_1_234' title='bbox 130 3086 166 3132; x_wconf 85' lang='lat' dir='ltr'><strong>ud</strong></span> <span class='ocrx_word' id='word_1_235' title='bbox 176 3100 245 3133; x_wconf 74' lang='lat' dir='ltr'><strong>ustam</strong></span> <span class='ocrx_word' id='word_1_236' title='bbox 257 3088 377 3149; x_wconf 82' lang='lat' dir='ltr'><strong>temporis</strong></span> <span class='ocrx_word' id='word_1_237' title='bbox 388 3087 461 3136; x_wconf 82' lang='lat' dir='ltr'><strong>istius</strong></span> <span class='ocrx_word' id='word_1_238' title='bbox 475 3086 597 3147; x_wconf 82' lang='lat' dir='ltr'><strong>formata.</strong></span> <span class='ocrx_word' id='word_1_239' title='bbox 652 3081 673 3143; x_wconf 83' lang='lat'><strong>³)</strong></span> <span class='ocrx_word' id='word_1_240' title='bbox 692 3083 800 3131; x_wconf 88' lang='lat' dir='ltr'><strong>intendas</strong></span> <span class='ocrx_word' id='word_1_241' title='bbox 815 3081 877 3130; x_wconf 77' lang='lat' dir='ltr'><strong>Cdo.</strong></span> <span class='ocrx_word' id='word_1_242' title='bbox 890 3081 948 3129; x_wconf 85' lang='lat' dir='ltr'><strong>edd.</strong></span> <span class='ocrx_word' id='word_1_243' title='bbox 1002 3076 1022 3140; x_wconf 73' lang='grc'><strong>4)</strong></span> <span class='ocrx_word' id='word_1_244' title='bbox 1043 3080 1093 3127; x_wconf 80' lang='lat' dir='ltr'>cal-</span> 
     </span>
     <span class='ocr_line' id='line_1_34' title="bbox 131 3145 1091 3209; baseline -0.007 -9"><span class='ocrx_word' id='word_1_245' title='bbox 131 3153 186 3200; x_wconf 87' lang='lat' dir='ltr'><strong>deos</strong></span> <span class='ocrx_word' id='word_1_246' title='bbox 204 3150 239 3199; x_wconf 90' lang='lat' dir='ltr'><strong>B.</strong></span> <span class='ocrx_word' id='word_1_247' title='bbox 264 3154 377 3202; x_wconf 87' lang='lat' dir='ltr'><strong>chaldeos</strong></span> <span class='ocrx_word' id='word_1_248' title='bbox 399 3155 445 3203; x_wconf 85' lang='lat' dir='ltr'><strong>Vc.</strong></span> <span class='ocrx_word' id='word_1_249' title='bbox 470 3153 510 3201; x_wconf 87' lang='lat' dir='ltr'><strong>Vi.</strong></span> <span class='ocrx_word' id='word_1_250' title='bbox 542 3152 673 3202; x_wconf 86' lang='lat' dir='ltr'><strong>Chaldaeos</strong></span> <span class='ocrx_word' id='word_1_251' title='bbox 691 3151 749 3199; x_wconf 85' lang='lat' dir='ltr'><strong>edd.</strong></span> <span class='ocrx_word' id='word_1_252' title='bbox 819 3145 840 3209; x_wconf 81' lang='lat'><strong>⁵)</strong></span> <span class='ocrx_word' id='word_1_253' title='bbox 860 3156 923 3196; x_wconf 89' lang='lat' dir='ltr'><strong>tuam</strong></span> <span class='ocrx_word' id='word_1_254' title='bbox 939 3146 980 3194; x_wconf 88' lang='lat' dir='ltr'><strong>Vi.</strong></span> <span class='ocrx_word' id='word_1_255' title='bbox 1004 3145 1091 3195; x_wconf 81' lang='lat' dir='ltr'><strong>siraB.</strong></span> 
     </span>
     <span class='ocr_line' id='line_1_35' title="bbox 132 3211 1092 3280; baseline -0.006 -14"><span class='ocrx_word' id='word_1_256' title='bbox 132 3218 252 3268; x_wconf 68' lang='lat' dir='ltr'><strong>Venta.</strong></span> <span class='ocrx_word' id='word_1_257' title='bbox 309 3218 329 3280; x_wconf 75' lang='grc'><strong>6)</strong></span> <span class='ocrx_word' id='word_1_258' title='bbox 349 3220 500 3269; x_wconf 89' lang='lat' dir='ltr'><strong>interdictum</strong></span> <span class='ocrx_word' id='word_1_259' title='bbox 517 3218 557 3270; x_wconf 86' lang='lat' dir='ltr'><strong>Vi.</strong></span> <span class='ocrx_word' id='word_1_260' title='bbox 575 3218 622 3268; x_wconf 84' lang='lat' dir='ltr'><strong>Vc.</strong></span> <span class='ocrx_word' id='word_1_261' title='bbox 641 3217 737 3268; x_wconf 77' lang='lat' dir='ltr'><strong>enar.</strong></span> <span class='ocrx_word' id='word_1_262' title='bbox 763 3218 903 3265; x_wconf 87' lang='lat' dir='ltr'><strong>interdictos</strong></span> <span class='ocrx_word' id='word_1_263' title='bbox 916 3213 949 3262; x_wconf 88' lang='lat' dir='ltr'><strong>B.</strong></span> <span class='ocrx_word' id='word_1_264' title='bbox 1008 3211 1029 3274; x_wconf 85' lang='lat'><strong>⁷)</strong></span> <span class='ocrx_word' id='word_1_265' title='bbox 1050 3213 1092 3260; x_wconf 90' lang='lat' dir='ltr'><strong>ob-</strong></span> 
     </span>
     <span class='ocr_line' id='line_1_36' title="bbox 130 3279 1092 3350; baseline -0.003 -16"><span class='ocrx_word' id='word_1_266' title='bbox 130 3287 263 3334; x_wconf 87' lang='lat' dir='ltr'><strong>stinacitate</strong></span> <span class='ocrx_word' id='word_1_267' title='bbox 281 3286 314 3334; x_wconf 87' lang='lat' dir='ltr'><strong>B.</strong></span> <span class='ocrx_word' id='word_1_268' title='bbox 349 3287 470 3350; x_wconf 85' lang='lat' dir='ltr'><strong>opinatam</strong></span> <span class='ocrx_word' id='word_1_269' title='bbox 492 3288 540 3336; x_wconf 83' lang='lat' dir='ltr'><strong>sed</strong></span> <span class='ocrx_word' id='word_1_270' title='bbox 556 3301 624 3334; x_wconf 85' lang='lat' dir='ltr'><strong>corr.</strong></span> <span class='ocrx_word' id='word_1_271' title='bbox 660 3285 801 3334; x_wconf 87' lang='lat' dir='ltr'><strong>obstinatam</strong></span> <span class='ocrx_word' id='word_1_272' title='bbox 824 3283 864 3334; x_wconf 84' lang='lat' dir='ltr'><strong>Vi.</strong></span> <span class='ocrx_word' id='word_1_273' title='bbox 903 3282 1020 3329; x_wconf 85' lang='lat' dir='ltr'><strong>obstinata</strong></span> <span class='ocrx_word' id='word_1_274' title='bbox 1043 3279 1092 3331; x_wconf 87' lang='lat' dir='ltr'><strong>Vc.</strong></span> 
     </span>
     <span class='ocr_line' id='line_1_37' title="bbox 130 3345 1091 3416; baseline -0.01 -13"><span class='ocrx_word' id='word_1_275' title='bbox 130 3353 227 3404; x_wconf 76' lang='lat' dir='ltr'><strong>enar.</strong></span> <span class='ocrx_word' id='word_1_276' title='bbox 280 3351 347 3414; x_wconf 82' lang='lat' dir='ltr'>⁸)B.</span> <span class='ocrx_word' id='word_1_277' title='bbox 372 3355 550 3416; x_wconf 89' lang='lat' dir='ltr'><strong>persuasionem</strong></span> <span class='ocrx_word' id='word_1_278' title='bbox 567 3352 608 3404; x_wconf 88' lang='lat' dir='ltr'><strong>Vi.</strong></span> <span class='ocrx_word' id='word_1_279' title='bbox 632 3353 785 3416; x_wconf 87' lang='lat' dir='ltr'><strong>persuasione</strong></span> <span class='ocrx_word' id='word_1_280' title='bbox 801 3350 846 3398; x_wconf 88' lang='lat' dir='ltr'><strong>Ve.</strong></span> <span class='ocrx_word' id='word_1_281' title='bbox 861 3351 900 3398; x_wconf 87' lang='lat' dir='ltr'><strong>ed.</strong></span> <span class='ocrx_word' id='word_1_282' title='bbox 916 3347 956 3395; x_wconf 85' lang='lat' dir='ltr'>Bt.</span> <span class='ocrx_word' id='word_1_283' title='bbox 1008 3345 1029 3407; x_wconf 74' lang='grc'><strong>9)</strong></span> <span class='ocrx_word' id='word_1_284' title='bbox 1052 3345 1091 3408; x_wconf 79' lang='lat' dir='ltr'><strong>Cf.</strong></span> 
     </span>
     <span class='ocr_line' id='line_1_38' title="bbox 130 3414 1092 3486; baseline -0.01 -16"><span class='ocrx_word' id='word_1_285' title='bbox 130 3422 156 3470; x_wconf 88' lang='lat' dir='ltr'><strong>I.</strong></span> <span class='ocrx_word' id='word_1_286' title='bbox 168 3421 241 3486; x_wconf 82' lang='lat' dir='ltr'><strong>Lips.</strong></span> <span class='ocrx_word' id='word_1_287' title='bbox 253 3435 309 3470; x_wconf 76' lang='lat' dir='ltr'><strong>emo.</strong></span> <span class='ocrx_word' id='word_1_288' title='bbox 320 3423 356 3470; x_wconf 85' lang='lat' dir='ltr'><strong>ud</strong></span> <span class='ocrx_word' id='word_1_289' title='bbox 368 3421 447 3472; x_wconf 82' lang='lat' dir='ltr'><strong>Tacit.</strong></span> <span class='ocrx_word' id='word_1_290' title='bbox 459 3421 492 3471; x_wconf 83' lang='grc' dir='ltr'><strong>Α,</strong></span> <span class='ocrx_word' id='word_1_291' title='bbox 501 3431 522 3480; x_wconf 81' lang='lat' dir='ltr'><strong>t,</strong></span> <span class='ocrx_word' id='word_1_292' title='bbox 534 3429 566 3470; x_wconf 79' lang='lat'><strong>32.</strong></span> <span class='ocrx_word' id='word_1_293' title='bbox 586 3419 744 3484; x_wconf 84' lang='lat' dir='ltr'><strong>Mnrquardt</strong></span> <span class='ocrx_word' id='word_1_294' title='bbox 752 3418 823 3466; x_wconf 79' lang='lat' dir='ltr'><strong>Ram.</strong></span> <span class='ocrx_word' id='word_1_295' title='bbox 831 3415 942 3465; x_wconf 81' lang='lat' dir='ltr'><strong>Alterth.</strong></span> <span class='ocrx_word' id='word_1_296' title='bbox 950 3414 967 3462; x_wconf 90' lang='lat'><em>1</em></span> <span class='ocrx_word' id='word_1_297' title='bbox 971 3415 1003 3465; x_wconf 85' lang='lat' dir='ltr'><strong>V.</strong></span> <span class='ocrx_word' id='word_1_298' title='bbox 1010 3429 1040 3478; x_wconf 81' lang='lat' dir='ltr'><strong>p,</strong></span> <span class='ocrx_word' id='word_1_299' title='bbox 1049 3423 1092 3462; x_wconf 81' lang='lat' dir='ltr'><strong>tao.</strong></span> 
     </span>
    </p>
   </div>
   <div class='ocr_carea' id='block_1_12' title="bbox 829 3499 893 3560">
    <p class='ocr_par' dir='ltr' id='par_1_14' title="bbox 829 3499 893 3560">
     <span class='ocr_line' id='line_1_39' title="bbox 829 3499 893 3560; baseline -0.016 0"><span class='ocrx_word' id='word_1_300' title='bbox 829 3499 893 3560; x_wconf 78' lang='lat'><strong>38*</strong></span> 
     </span>
    </p>
   </div>
   <div class='ocr_carea' id='block_1_13' title="bbox 0 0 1312 3960">
    <p class='ocr_par' dir='ltr' id='par_1_15' title="bbox 0 0 1312 3960">
     <span class='ocr_line' id='line_1_40' title="bbox 0 0 1312 3960; baseline 0 0"><span class='ocrx_word' id='word_1_301' title='bbox 0 0 1312 3960; x_wconf 95' lang='lat' dir='ltr'><strong> </strong></span> 
     </span>
    </p>
   </div>
  </div>
 </body>
</html>
