2614 3960
335 207 440 244 ossen.
459 207 517 244 ivs.
537 207 601 242 non.
624 207 718 245 vante.
739 193 881 242 loa-112.
1039 193 1086 242 65?

185 347 252 410 109.
276 349 385 406 Paullus
398 349 547 423 respoudit,
563 348 730 422 pupillorum
746 358 858 404 matrem
870 363 981 404 uxorem
989 348 1087 404 ducere

110 435 260 492 tutoribus
275 433 449 492 interdictum
466 450 520 489 uon
537 450 611 494 esse,
633 441 661 489 et
676 433 737 488 ideo
753 425 844 496 enm,⁴
866 432 899 487 de
916 449 970 506 quo
984 435 1087 506 quaesi·
1169 423 1172 430 ’

110 529 175 582 tun,
192 530 219 574 et
234 520 390 592 priuignum
406 517 499 580 luisse,
516 526 544 573 et
559 525 633 572 reete
648 517 776 574 heredem
791 518 947 573 institutum
963 516 1058 573 uideri.

187 599 250 661 110.
274 601 382 658 Paullus
399 601 552 675 respondit,
576 603 655 657 etiam
670 609 734 675 post
753 603 860 676 nuptias
882 601 1020 674 copulatas
1039 601 1087 657 do·

113 696 178 744 tem
193 686 315 762 promitti
332 687 375 742 uel
390 687 447 742 dari
462 703 557 760 posse;
584 684 632 742 sed
650 703 705 743 non
726 695 852 742 curatore
865 694 1009 760 praesente
1023 702 1087 759 pno-

114 774 194 830 mitti
209 772 316 835 dehere,
332 770 381 826 sed
403 779 495 826 tutore
510 763 666 826 auctore.³⁵

184 853 240 914 111.
264 855 314 911 ‘la
332 855 418 910 Titius
434 871 449 910 a
464 855 525 932 Seia
540 871 625 911 uxore
639 872 688 910 sua
702 857 774 911 inter
785 863 876 912 cetera
888 856 992 928 aceepit
1007 857 1088 912 aesti-

114 949 223 998 matum
250 942 329 996 etiam
346 939 467 995 Stichum
482 956 612 1014 puerum,
640 949 667 996 et
693 956 755 995 eum
779 939 902 1013 possedit
931 941 1008 996 anuis
1029 939 1086 996 lere

114 1033 266 1099 quattuor;
284 1040 394 1097 quaero,
411 1040 521 1079 aueum
537 1023 728 1096 usucapen‘ti'
763 1023 872 1080 Paullus
888 1024 1043 1098 respondit,
1065 1025 1087 1079 si

118 1127 205 1184 puer,
229 1109 333 1182 dequo
351 1109 501 1183 quaeritur,
524 1110 551 1164 in
574 1109 700 1164 luntiuam
726 1124 832 1164 eausam
859 1126 913 1164 non
938 1109 1086 1171 incidisset,

120 1211 215 1267 neque
236 1195 348 1249 maritus
370 1195 456 1249 sciens
479 1193 595 1248 alienum
616 1194 645 1247 in
666 1193 757 1249 dotem
778 1194 938 1265 accepisset,
966 1195 1088 1265 potuisse

121 1296 187 1334 eum
214 1279 384 1334 aestimatum
405 1279 432 1333 in
455 1277 547 1332 dotem
564 1276 655 1332 datum
678 1285 741 1350 post
767 1278 887 1350 nuptias,
920 1277 997 1332 'aute
1023 1294 1087 1337 non,

118 1356 213 1418 anuoss
231 1363 514 1436 usucapi;¹qua1nuis
536 1354 629 1420 enim⁷
644 1361 762 1418 lulianus
784 1369 811 1416 et
832 1370 894 1416 ante
915 1362 1021 1434 nuptias
1044 1379 1087 1417 res
1165 1391 1168 1398 .

118 1447 194 1503 dotis
207 1449 315 1504 nomine
336 1447 447 1503 traditas
465 1449 573 1521 usucapi
596 1463 647 1520 pro
663 1463 714 1502 suo
729 1461 811 1519 posse
827 1447 1032 1508 existimauerit‚
1060 1455 1087 1502 et

120 1549 172 1588 nos
188 1549 299 1606 quoque
314 1532 385 1588 idem
405 1531 560 1606 probemus,
577 1525 685 1586 ⁸tamen
701 1531 752 1586 hoo
768 1538 833 1586 tune
847 1547 943 1586 uerum
958 1539 1008 1594 est,
1023 1543 1086 1586 omn

120 1631 165 1671 res
183 1609 308 1672 dotales9
324 1625 397 1673 suut.
435 1633 496 1672 cum
518 1633 585 1672 uero
601 1618 756 1672 aestimatae
770 1614 888 1679 dantur,
911 1615 1086 1689 quoniamae

120 1709 213 1774 empto
234 1702 368 1775 incipiunt
381 1701 522 1776 possideri,
539 1708 600 1756 ante
607 1702 715 1774 nuptias
733 1693 1086 1772 'pendenteuenditione,⁴⁰

120 1802 176 1842 non
192 1787 267 1859 prius
284 1779 446 1860 ’usucapio¹
463 1787 541 1859 sequi
556 1793 656 1859 potest,
674 1801 752 1857 quam
768 1785 869 1857 nuptiis
890 1777 1021 1839 secutis.²

184 1865 244 1926 112.
269 1869 364 1944 ‘Apud
379 1873 553 1944 magistratus
569 1869 602 1925 de
617 1870 697 1942 plano
719 1868 763 1922 'L.
781 1861 888 1923 Titius³
910 1868 951 1921 his
967 1867 1056 1922 uerbis
1071 1885 1086 1922 a

122 1955 217 2008 marito
229 1955 342 2024 repetit:
360 1979 372 2007 «ι
381 1955 488 2010 Auieius
510 1954 602 2010 Vitalis
628 1954 708 2009 dixit:
745 1950 894 2018 ‘Quoniam
914 1960 1022 2024 praesto
1045 1961 1086 2008 est

122 2033 162 2092 ll.
179 2036 262 2091 Vetus
277 2037 376 2100 iunior,
392 2046 456 2110 peto
472 2037 524 2093 ’lte
541 2033 545 2114 l
564 2081 570 2092 .
589 2081 595 2093 .
613 2055 689 2111 qaae
704 2055 783 2095 uxor
798 2040 859 2094 eius
870 2037 938 2109 fait,
951 2029 1199 2107 nomiae⁴ounlult

122 2120 154 2176 ab
169 2120 265 2176 eodem
281 2137 313 2176 ex
328 2121 433 2195 legibus
449 2128 477 2177 et
492 2117 606 2178 edictis⁵
621 2123 711 2179 dotem
727 2131 755 2179 et
765 2115 927 2197 peculium.⁶
941 2120 1080 2178 ’Manoa-
1107 2114 1178 2182 ἔνθ·

122 2267 156 2334 ³⁴)
175 2271 243 2320 Puta
257 2272 392 2334 pupillum,
412 2285 483 2335 quem
504 2270 549 2319 sab
572 2273 745 2335 appellatione
763 2274 905 2335 ‘prinipni’
924 2279 992 2324 tutor
1013 2271 1085 2320 dere·

124 2340 178 2390 dem
195 2340 351 2388 instituerat.
422 2337 441 2399 ὓ)
463 2338 502 2400 Of.
523 2337 574 2387 Cia.
590 2353 641 2402 pro
656 2337 730 2389 Gaea.
744 2347 778 2386 25.
800 2340 949 2403 praFlaee.
963 2350 997 2390 ³5.
1027 2339 1085 2402 Ulp.

124 2415 159 2464 tl,
177 2417 210 2455 20.
228 2415 263 2459 27.
351 2407 373 2470 ⁶)
393 2415 490 2466 anteon,
510 2421 570 2454 euax
585 2408 681 2470 saetam
699 2407 792 2464 antino,
816 2408 923 2471 denique
945 2414 1086 2458 correctum

123 2490 182 2524 suno
204 2475 265 2524 Vat.
295 2483 349 2524 ante
367 2491 415 2525 noa
433 2475 474 2526 ed.
493 2473 585 2524 Hollw.
617 2474 724 2537 Tempus
742 2489 791 2523 aaa
806 2475 891 2539 potuit
909 2477 995 2526 omitti.
1024 2491 1085 2525 anuo

124 2543 163 2590 ed.
177 2541 266 2594 Mons.
329 2541 349 2604 ⁷)
363 2559 393 2607 qu
411 2545 470 2593 Vnt.
491 2539 538 2605 (sa.
548 2558 599 2606 pro
610 2537 677 2607 ι(Ῑῐιιιῑ)
691 2543 802 2604 quamuis
813 2543 872 2592 edd.
885 2543 980 2594 Hallw.
991 2543 1084 2594 Manis.

124 2607 144 2671 8)
163 2608 202 2669 Os.
221 2609 252 2657 L.
266 2617 285 2658 1.
306 2608 334 2672 8.
347 2619 366 2660 2.
385 2613 419 2659 D.
431 2626 480 2675 pro
493 2613 553 2660 dote
571 2609 664 2674 (ana).
734 2608 755 2672 ⁹)
779 2608 828 2662 Vd.
856 2611 942 2662 dotalis
963 2613 1022 2664 Vat.
1044 2614 1084 2662 ed.

125 2677 213 2729 Hallw.
265 2674 299 2737 4⁰)
313 2677 359 2726 Em
371 2678 470 2729 Saoiaii
480 2679 514 2740 ej.
527 2680 568 2730 ed.
584 2679 675 2732 Hollw.
694 2685 733 2728 aut
745 2681 860 2742 pendente
873 2680 1008 2728 uenditione
1025 2680 1085 2729 Vat.

124 2752 196 2793 autem
209 2745 293 2808 pendet
305 2747 409 2796 penditio
422 2747 570 2812 Meyerfeld
581 2751 615 2810 φ’,
670 2744 689 2808 ¹)
703 2749 828 2810 ususcapio
845 2745 905 2794 Vat.
919 2748 976 2795 edd.
992 2745 1083 2795 Hollw.

123 2812 211 2864 Mons.
263 2809 284 2874 ²)
305 2812 344 2875 Os.
364 2814 396 2863 L.
410 2824 431 2866 a,
443 2816 476 2865 J).
487 2830 539 2878 pro
552 2817 611 2866 atate
625 2814 669 2877 (n,
682 2814 714 2877 o).
743 2815 775 2863 L.
788 2824 808 2866 2.
827 2812 854 2876 8.
868 2822 887 2860 a.
900 2813 932 2864 D.
946 2828 995 2875 pro
1008 2820 1083 2876 empt.

125 2878 165 2942 (ll,
177 2879 210 2943 4).
262 2877 284 2946 ³)
303 2881 450 2943 Lependum
466 2884 566 2932 videtur
577 2885 669 2934 anitius
686 2885 725 2934 ael
743 2885 769 2935 L.
782 2883 881 2932 lollius.
936 2877 958 2942 ⁴)
976 2880 1086 2929 Restitui

124 2949 183 2998 dunc
194 2955 219 2998 et
229 2954 364 3012 sequentes
376 2963 474 3007 versus,
486 2952 576 3012 pauens
584 2959 646 3014 post
662 2953 687 3000 V
690 2950 712 2999 d.
724 2955 877 3013 cartapertam
889 2950 998 3002 mutatis.
1023 2947 1084 2998 Atta

123 3019 291 3080 napplementa
309 3015 399 3066 Moms.
423 3019 505 3079 dedit,
532 3020 564 3067 de
583 3020 670 3084 quibas
688 3019 723 3080 ef.
748 3019 876 3081 Wiedinp.
895 3015 1085 3079 Libeltproeess

123 3099 148 3146 p.
164 3091 207 3131 tat.
242 3083 277 3133 In
293 3085 341 3133 leae
362 3101 437 3135 versa
455 3103 505 3136 non
523 3085 608 3136 dubito
626 3089 659 3136 lle
678 3123 684 3136 .
704 3122 711 3136 .
731 3121 738 3136 .
756 3125 763 3139 ,
782 3087 878 3134 initiunt
901 3099 956 3134 esse
979 3086 1084 3134 nomines

123 3153 226 3213 proprii,
244 3154 310 3200 velut
328 3154 451 3218 Remipa'ae
471 3157 511 3204 oel
520 3155 666 3204 destitutae.
697 3156 733 3204 rei
750 3155 859 3204 uxoriae
871 3154 972 3202 actione
985 3151 1082 3204 Baedlt.

125 3217 156 3279 ej.
190 3233 238 3266 rem
255 3222 372 3268 uxoriam
390 3224 430 3270 ed.
450 3223 540 3272 Monta.
627 3221 648 3286 5)
669 3224 737 3272 Hine
754 3228 880 3286 apparet,
900 3221 1022 3270 actionem
1044 3221 1085 3268 rei

125 3286 226 3339 ultoriae
242 3288 338 3348 partim
355 3289 449 3352 tepidus
461 3292 621 3340 constitutam
633 3305 698 3354 esse,
715 3292 810 3354 partina
822 3289 912 3339 edictis
927 3294 1082 3350 praetorum,

125 3355 183 3402 uelut
200 3353 231 3402 de
250 3356 374 3403 atterutro
394 3363 419 3405 et
435 3359 459 3406 si
475 3359 564 3407 mulier
581 3360 613 3407 cle
631 3374 677 3407 sao
689 3360 779 3408 dotata
796 3359 872 3406 teres
888 3356 979 3404 marito
997 3353 1029 3404 ab
1046 3355 1083 3402 in-

127 3426 209 3469 testato
228 3436 278 3470 non
296 3428 361 3472 erat.
430 3423 450 3484 θ)
472 3423 510 3487 Of.
530 3423 558 3488 3.
571 3433 618 3474 254.
637 3426 669 3476 L.
682 3435 701 3476 9.
717 3424 744 3488 8.
759 3433 779 3474 3.
798 3425 832 3472 Ι).
850 3425 910 3472 dei.
925 3424 977 3472 dot.
992 3420 1035 3482 (23,
1049 3421 1081 3484 3)-

126 3488 211 3538 Petilio
234 3489 297 3538 laea
320 3505 349 3540 eo
371 3491 517 3553 spectabat,
542 3495 612 3556 qaod
632 3495 673 3542 rei
693 3493 803 3542 amandae
825 3492 893 3540 aetia
916 3496 967 3539 tam
989 3491 1083 3540 demum

155 3605 273 3640 tvnlsen.
287 3607 380 3642 ΔΝΤΕΙ.
394 3607 455 3643 REL.
481 3607 525 3642 ΕΙ).
540 3609 573 3644 11.
838 3577 878 3632 42
