2634 3974
384 729 492 790 IVLII
514 729 673 791 PAVLLI
696 728 1033 792 SENTENTIARVM

558 848 669 898 urana
688 847 856 911 ovmrvs.

477 1020 540 1060 TIT.
557 1021 577 1059 1.
615 1021 656 1062 Du
672 1019 820 1060 munnam
836 1018 944 1062 CAVSA·
1011 1072 1016 1080 ι

289 1103 313 1162 l.
340 1099 407 1173 1Qui
428 1106 655 1180 contemplatione
677 1113 812 1162 extremae
833 1106 1000 1162 necessitatis
1022 1105 1181 1161 ant-alimen

226 1198 317 1246 torum
333 1193 418 1264 gratia
434 1189 503 1246 lilios
519 1207 583 1246 suos
600 1190 784 1253 uendiderint.
811 1192 893 1246 statui
907 1190 1083 1264 ingenuitatis
1099 1205 1194 1246 eornm

227 1292 282 1330 non
297 1276 493 1348 praeiudicant:
521 1275 602 1330 homo
618 1276 689 1330 enim
705 1273 773 1330 liber
789 1275 880 1330 ’nullo
895 1267 1006 1348 pretio²
1026 1276 1191 1330 aestimatur.

225 1359 306 1415 iidem
326 1377 376 1415 nec
395 1360 504 1433 pignori
525 1357 556 1413 ab
578 1358 619 1414 his
640 1367 687 1414 aut
708 1355 819 1414 fiduciae
840 1359 899 1414 dari
913 1366 1043 1432 possunt:
1069 1359 1116 1414 'ex
1138 1376 1192 1432 qno

228 1444 298 1499 lacto
315 1444 402 1498 sciens
417 1443 536 1498 creditor
551 1435 739 1516 deportatur.3
777 1461 875 1517 operae
896 1450 984 1500 tamen
999 1460 1094 1499 eornm
1110 1444 1193 1499 locari

227 1536 351 1600 possunt.
411 1526 440 1584 2.
470 1522 599 1582 ‘¹Veritati
625 1535 652 1582 et
679 1529 777 1602 origini
803 1530 979 1602 ingenuitatis
1006 1529 1192 1592 manumissio,

228 1627 399 1684 quocumque
414 1611 495 1666 modo
511 1611 581 1667 lacta
597 1612 687 1674 luerit,
703 1629 758 1668 non
773 1613 947 1686 praeiudicat.
991 1611 1019 1670 3.
1044 1612 1194 1686 Descriptio

228 1696 423 1768 ’ingenuorum
449 1713 481 1752 cx
507 1695 597 1752 officio
623 1691 700 1752 lisci⁵
728 1698 800 1753 inter
829 1696 946 1753 fiscalem
973 1697 1098 1754 familiam
1123 1698 1193 1753 lacta

226 1781 386 1854 ingenuitati
413 1797 468 1837 non
494 1782 667 1854 praeiudicat.
728 1780 757 1839 4.
781 1775 853 1850 iQui
873 1790 947 1838 metu
968 1790 995 1838 et
1015 1783 1193 1854 impressione
1290 1853 1293 1860 Ι

227 1865 339 1920 alicuius
361 1867 472 1922 terroris
494 1866 565 1940 apud
585 1875 642 1922 acta
661 1867 791 1939 praesidis
812 1884 921 1924 sernum
943 1884 973 1924 se
989 1883 1048 1923 esse
1062 1867 1193 1922 mentitus

228 1957 283 2012 est,
299 1957 394 2023 postca
407 1959 509 2006 statum
524 1967 601 2006 sunm
618 1950 772 2008 defendenti
788 1967 843 2008 non
859 1951 1032 2025 praeiudicat.
1075 1947 1103 2006 5.
1127 1949 1195 2006 Post

228 2043 384 2109 susceptum
404 2035 513 2090 liberale
533 2035 661 2090 indicium
684 2036 706 2089 si
722 2043 842 2092 assertor
857 2053 963 2092 cansam
979 2037 1143 2098 deseruerit,
1165 2036 1194 2090 in

227 2119 308 2175 alium
328 2126 490 2175 assertorem
512 2135 591 2176 omne
613 2119 741 2175 indicium
761 2121 902 2176 transferri
922 2121 1032 2194 placuit.
1077 2121 1106 2176 iu
1121 2122 1195 2195 prio·

228 2220 284 2259 rem
300 2221 379 2266 uero,
395 2204 479 2282 ¹qnod
501 2203 655 2278 prodendae
670 2203 802 2260 libertatis
818 2207 904 2278 gratia
920 2205 1019 2260 iactum
1035 2213 1091 2269 est,
1119 2212 1195 2261 extra

228 2289 350 2352 ordinem
372 2289 535 2344 uindicatur:
563 2305 618 2344 non
639 2291 709 2344 enim
732 2296 841 2364 oportet
862 2298 1014 2363 susceptam
1029 2297 1116 2346 status
1132 2305 1194 2346 can-

229 2390 285 2427 sam
301 2373 374 2428 nulla
389 2381 506 2445 cogente
521 2374 682 2428 necessitate
697 2373 817 2430 destitui.

232 2452 277 2532 [L.
288 2457 326 2512 39
337 2474 384 2526 pr.
393 2457 441 2527 38.
452 2458 504 2512 1.—
514 2458 541 2514 3.
557 2459 592 2512 D.
601 2460 636 2513 de
647 2459 728 2514 liber.
741 2473 832 2514 causo
845 2457 905 2530 (40,
919 2457 978 2532 12).

229 2541 261 2594 L.
271 2540 288 2596 9
296 2557 346 2612 pr.
355 2541 403 2611 88.
414 2541 504 2597 1-8.
521 2542 553 2596 L.
562 2543 598 2598 11
610 2560 658 2614 pr.
666 2543 714 2614 gg.
726 2541 817 2600 1-5.
832 2543 867 2616 D,
876 2545 911 2600 cle
920 2545 1066 2616 publicum
1079 2537 1194 2620 39,4).]

506 2677 568 2717 rrr.
582 2677 615 2716 11.
649 2677 911 2719 nevsvoarronn.

292 2756 315 2815 l.
344 2752 560 2817 ¹Possessionem
583 2764 744 2835 acquirimus
760 2771 787 2818 et
803 2765 890 2819 animo
907 2771 933 2818 et
949 2779 1077 2837 corpore;
1106 2764 1195 2818 animo

300 2944 349 2997 Tit.
368 2945 393 2996 l.
430 2942 450 3009 ¹)
469 2944 509 3005 Cf.
529 2945 574 2993 Fr.
592 2945 651 2994 Vua.
665 2953 698 2996 aa.
711 2953 743 2994 ao.
757 2954 790 2994 ar.
816 2945 847 2996 I..
866 2955 884 2998 1.
904 2954 937 2998 ar.
959 2946 984 2995 C.
1003 2946 1034 2994 de
1052 2943 1094 2991 ab.
1113 2957 1194 2993 eausa

230 3009 260 3072 (7,
281 3011 324 3072 tt).
348 3013 380 3064 L.
400 3029 440 3061 un.
463 3012 507 3064 To.
529 3012 555 3064 (J.
574 3014 606 3062 de
624 3013 662 3061 his
681 3015 723 3077 qai
739 3013 907 3077 .sanpain.'(5,
927 3013 959 3074 8).
986 3013 1018 3063 L.
1034 3019 1053 3063 1.
1072 3019 1093 3060 2.
1114 3010 1141 3061 0.
1161 3012 1194 3061 de

228 3083 299 3140 potr.
319 3080 361 3143 qui
375 3080 411 3140 fil.
431 3075 462 3140 (4,
480 3078 526 3142 43).
577 3079 598 3142 ²)
618 3080 662 3129 Sic
671 3083 787 3144 plerique
803 3082 865 3130 cdd.
886 3083 949 3131 nullo
968 3081 1018 3130 dari
1037 3079 1101 3128 nullo
1119 3079 1195 3143 pretio

231 3144 294 3193 Cdd.
316 3155 333 3193 t.
353 3155 372 3196 2.
391 3155 411 3196 t.
431 3155 464 3196 27.
495 3149 550 3198 nulli
573 3148 623 3197 dari
647 3150 723 3211 pretio
742 3147 790 3200 Cd.
807 3159 828 3197 5.
858 3149 997 3199 Fortasse:
1016 3151 1125 3197 n'uenum
1143 3147 1194 3196 dari

152 3248 155 3252 .
228 3229 243 3276 p
263 3213 316 3274 (nec
331 3228 415 3262 neunm
429 3213 480 3263 dari
493 3214 580 3281 polest)
595 3220 616 3264 n'
630 3213 696 3279 (nec)
711 3217 758 3265 ullo
772 3217 853 3279 pretio.
914 3214 935 3277 ⁴)
956 3215 1025 3280 Hinc
1040 3215 1113 3277 furta
1126 3215 1159 3265 L.
1173 3221 1194 3263 4.

230 3281 262 3329 Ι).
282 3297 347 3344 quae
365 3297 408 3332 res
424 3283 495 3346 pipo,
516 3285 563 3344 (20,
582 3281 615 3344 8).
648 3283 686 3344 Os.
707 3284 791 3333 Edict.
815 3283 938 3334 Theodec.
958 3291 992 3331 94.
1010 3291 1044 3333 95.
1113 3279 1133 3343 ⁴)
1153 3279 1194 3342 Of.

231 3346 258 3410 8.
272 3357 291 3396 t.
311 3348 335 3397 I.
356 3349 388 3398 de
405 3351 488 3412 iopen.
507 3348 538 3411 (1,
551 3350 584 3412 t).
654 3348 675 3413 ⁵)
694 3352 711 3399 i.
725 3366 747 3400 e.
767 3352 939 3414 inpensionem,-
957 3351 1001 3415 qui
1016 3357 1076 3415 sunt
1092 3363 1128 3398 ear
1140 3347 1196 3410 offl-

230 3415 336 3464 cialibus
350 3417 416 3477 ficosi
486 3415 507 3477 ὅ)
530 3416 569 3479 Cf.
590 3417 621 3464 l..
636 3426 657 3467 a.
669 3426 702 3465 aa.
715 3426 748 3465 ar.
767 3417 796 3469 0.
815 3420 846 3466 de
864 3419 907 3467 tib.
925 3433 1004 3467 causa
1023 3416 1055 3479 (τ,
1075 3417 1119 3480 ro).

302 3481 349 3530 Tit.
369 3482 411 3531 II.
449 3481 468 3544 ¹)
489 3482 528 3544 Of.
548 3483 579 3534 L.
594 3492 613 3532 3.
634 3482 681 3546 33.
702 3493 734 3535 11.
757 3492 786 3535 1².
806 3485 838 3531 D.
858 3486 890 3533 de
908 3500 964 3548 aeq.
983 3501 1005 3532 υ.
1024 3486 1104 3536 amitt.
1122 3496 1194 3547 pose.
