2634 3960
126 197 128 204 .
216 153 266 202 514
406 165 521 202 n0u1r11
540 164 657 200 varmum
675 163 779 200 rnaeu.
798 150 864 200 XXV.
886 149 992 200 tauto.

216 309 263 364 sed
290 298 509 380 'oograitione⁴26
539 305 637 362 Romae
668 305 775 378 quidem
802 307 944 362 consulum
971 313 1017 360 aut
1042 307 1191 379 praetoris,

216 394 263 466 qui
290 384 596 447 ’lideieommissarias⁷
623 398 749 452 uocatum
775 392 803 446 in
828 391 976 464 prouinciis
1000 406 1067 446 uero
1094 391 1189 464 'prae-

215 478 280 532 sidis
301 468 488 550 prouinciae.8
545 470 590 531 13.
615 467 744 530 theonae
765 491 859 536 eausa,
886 476 947 530 'aet
965 469 1187 548 ριῑνθρνὶηο,430

216 561 261 617 uel
282 561 401 616 incertae
422 576 555 633 personae
570 575 604 614 ne
620 559 728 631 quidem
745 557 950 613 fideicommissa
965 559 1021 614 dari
1036 567 1162 632 possunt.

116 659 211 710 totae
279 642 325 702 14.
350 636 408 706 lls,
425 645 472 716 qui
489 636 493 719 l
510 653 622 716 rogatus
639 650 680 697 est
696 642 739 697 alii
754 643 899 698 restituere
915 643 1107 706 hereditatem,
1123 644 1187 718 lege

217 729 325 804 quidem
341 727 456 784 Falcidia
471 725 585 798 (locum)
606 743 662 782 non
677 725 807 789 habente,
831 727 956 799 quoniam
971 743 1028 782 nou
1042 727 1103 800 plus
1119 737 1186 800 puta
1240 745 1244 752 ·

216 831 295 887 quam
316 812 475 874 dodrantem
495 812 641 867 restituere
656 818 770 883 rogatus
786 818 844 871 est,
866 827 899 866 er
915 809 1085 868 Trebelliano
1107 827 1188 867 sena-

217 896 388 954 tuseousulto
416 897 548 956 restituit.
577 903 606 950 ut
630 896 654 949 ei
680 902 707 949 et
727 897 755 950 in
777 911 838 949 eum
859 893 959 950 dentur
979 896 1113 957 actiones,
1140 899 1185 951 aui

215 984 341 1038 restituta
367 989 409 1036 est
436 979 579 1035 hereditas.
625 979 688 1052 lege
715 986 804 1035 autem
830 977 946 1034 Falcidia
975 969 1196 1043 interueniente.

216 1066 342 1140 quoniam
357 1065 419 1139 plus
432 1065 592 1120 dodrantem
605 1064 649 1118 uel
662 1065 741 1119 etiam
754 1069 838 1118 totam
851 1062 1026 1118 hereditatem
1038 1065 1186 1120 restituere

215 1159 328 1226 rogatus
349 1142 441 1213 'est,²
462 1166 494 1204 ex
509 1148 657 1221 Pegasiano
680 1147 916 1203 senatusconsulto
931 1148 1067 1212 restituit,
1091 1155 1121 1204 ut
1136 1148 1185 1203 de-

215 1237 295 1292 duota
310 1243 385 1309 parte
401 1241 496 1306 quarta
510 1235 575 1305 ipsi,
597 1234 644 1305 qui
658 1234 776 1304 scriptus
792 1240 835 1286 est
858 1232 951 1294 heres,
974 1224 1035 1286 'et3
1050 1233 1079 1286 in
1094 1234 1212 1305 ipsum--

215 1321 335 1376 sationes
351 1325 563 1379 conseruentur;
579 1319 603 1372 is
619 1324 716 1379 autem,
734 1317 780 1389 qui
792 1317 889 1388 recipit
900 1315 1091 1379 hereditatem,
1109 1315 1187 1390 lega-

216 1406 276 1460 tarii
305 1403 366 1460 loeo
396 1401 534 1457 habeatur.
600 1396 643 1457 15.
682 1395 739 1454 ⁴En
767 1399 915 1473 Pepasiano
945 1401 1186 1474 senatusconsulto

215 1489 341 1544 restituta
362 1485 511 1540 hereditate
532 1484 673 1539 commoda
693 1493 721 1540 et
741 1484 911 1540 incommoda
931 1484 1087 1540 hereditatis
1109 1501 1183 1541 eom·

216 1572 386 1626 murrioantur
400 1571 471 1624 iuter
486 1567 613 1624 heredem
629 1577 657 1623 et
672 1585 749 1630 eum,
771 1571 814 1624 oui
836 1569 956 1642 reliquae
971 1577 1061 1641 partes
1073 1571 1185 1625 restitu-

216 1661 355 1716 laesum,
382 1653 550 1727 interpositis
577 1651 797 1726 stipulationibus
824 1653 859 1708 ad
877 1653 1029 1726 exemplum
1050 1657 1134 1725 partis
1156 1662 1184 1708 et

215 1756 266 1814 pro
287 1745 364 1812 parte
384 1737 598 1810 stipulationum.
644 1741 727 1809 partis
750 1746 839 1792 autem
861 1744 888 1792 et
909 1754 958 1812 pro
980 1745 1056 1810 parte
1071 1737 1184 1809 stipula-

217 1826 305 1879 tiones
327 1823 438 1898 proprie
459 1821 599 1882 dieantur,
628 1837 696 1892 quae
716 1820 750 1875 ‹le
770 1821 846 1876 luero
868 1829 896 1876 et
916 1822 1013 1876 damno
1034 1822 1184 1882 communi·

216 1907 301 1964 cando
317 1908 410 1964 solent
422 1905 558 1978 interponi
573 1905 645 1959 inter
659 1903 787 1960 heredem
802 1913 829 1960 et
844 1904 1002 1979 legatarium
1017 1907 1183 1980 partialium.

215 1993 242 2047 id
265 2000 321 2055 est,
347 2009 409 2047 oum
430 2007 485 2063 quo
507 1989 617 2061 ’partire'
636 1982 750 2043 iussusl
768 1996 810 2044 est
825 1989 913 2045 heres,
972 1985 1016 2046 16.
1042 1984 1088 2045 ⁶Si
1103 1990 1183 2045 heros

215 2223 259 2290 426)
279 2225 410 2284 cognitive
431 2223 491 2270 Vat.
512 2217 664 2284 (evanuerat
680 2233 717 2270 ae.
735 2217 770 2278 η),
799 2218 903 2278 cognitio
922 2228 957 2268 est
975 2222 1033 2270 edd.
1062 2221 1100 2284 Of.
1113 2223 1147 2273 L.
1161 2231 1181 2272 t.
1215 2239 1217 2242 ·

216 2290 243 2355 3.
262 2300 283 2339 2.
302 2291 335 2339 D.
356 2292 388 2340 de
406 2290 447 2337 rei
468 2289 536 2340 vind.
557 2284 592 2349 (θ,
612 2284 643 2348 1).
671 2286 705 2334 L.
726 2294 757 2334 1³.
782 2282 809 2347 3.
829 2294 848 2332 1.
874 2285 907 2334 D.
931 2289 963 2335 de
984 2294 1072 2339 minor.
1091 2286 1128 2352 (t,
1147 2288 1180 2352 t).

137 2373 138 2378 ¹
216 2359 248 2406 L.
268 2366 292 2406 39
308 2372 352 2420 pr.
376 2357 409 2404 D.
434 2357 465 2404 de
490 2357 564 2404 eniel.
589 2349 638 2417 (tt,
659 2351 694 2416 2).
766 2351 787 2414 ⁷)
812 2351 996 2404 fideicommisso
1018 2355 1094 2413 Vat,
1115 2357 1186 2420 qtcorl

216 2426 340 2486 enemptts
364 2423 445 2472 Curtii
466 2423 502 2470 ad
524 2421 626 2470 Sallust.
650 2419 706 2470 Cat.
730 2428 767 2481 32,
789 2428 807 2469 1.
837 2427 874 2476 tt,
898 2428 917 2469 1.
939 2423 1004 2469 male
1027 2424 1183 2485 defenditur,

214 2492 322 2540 maxime
344 2505 398 2539 eum
420 2489 461 2537 ln'e
480 2495 590 2552 praetor
613 2489 679 2537 alias
701 2487 791 2551 ubique
813 2487 1059 2548 fideicommt'asarias
1081 2492 1185 2540 dicatae

216 2557 302 2620 (ettam
320 2557 378 2620 Utp.
398 2557 468 2620 apud
479 2557 546 2620 Lpd.
565 2557 598 2604 de
614 2571 679 2618 map.
700 2563 718 2611 t,
736 2553 783 2616 te).
806 2554 923 2618 Denique
942 2556 1018 2604 arius
1036 2572 1088 2606 non
1102 2573 1183 2620 pror·

214 2640 257 2675 sae
275 2626 301 2672 r'n
323 2623 384 2675 Vnt.
403 2625 488 2686 deest,
512 2623 560 2672 sed
581 2623 699 2686 migravit
720 2637 781 2670 casa
802 2622 828 2669 tn
851 2637 873 2670 o.
892 2623 1043 2684 prouinciae,
1061 2631 1089 2672 nt
1107 2626 1185 2686 fieret

215 2693 559 2823 neaeman
572 2700 611 2806 a
624 2689 1182 2821 nortmanno.raiatia·

340 2799 347 2812 ο
748 2792 755 2817 7
1172 2785 1183 2797 “

216 2829 307 2877 ciarum
324 2833 419 2876 mutata
437 2828 524 2888 esset).
547 2826 680 2887 parineiarr'r
697 2824 757 2877 Vat.
783 2824 933 2887 praesidibus
950 2826 1126 2887 prouinciarum
1138 2827 1181 2874 ed.

215 2895 265 2958 Bp.
335 2891 357 2958 9)
379 2895 417 2957 Cf.
440 2893 496 2944 Gai.
514 2902 534 2949 2,
553 2901 600 2942 aas.
619 2901 666 2944 aaa.
685 2899 731 2940 asa.
802 2888 846 2952 430)
866 2889 995 2956 Suppteei.
1014 2892 1048 2941 In
1070 2889 1130 2939 Vat.
1150 2893 1182 2941 a·-

216 2969 274 3011 tara
292 2961 404 3022 estsere
422 2976 472 3011 sex
489 2963 639 3022 litterarum,
659 2975 723 3024 qnae
739 2959 840 3021 fuerint
857 2958 950 3022 apogr.
975 2957 1016 3022 Cf.
1032 2959 1087 3007 Gai.
1099 2967 1120 3015 2,
1134 2966 1181 3006 285.

216 3026 236 3090 ¹)
256 3027 297 3089 Of.
318 3028 373 3079 Gai.
391 3038 411 3088 2,
430 3037 477 3078 255.
504 3029 579 3078 Panl.
596 3036 616 3083 t,
635 3036 656 3076 2.
675 3024 701 3091 3.
721 3036 741 3075 1.
810 3023 833 3090 ²)
851 3027 883 3076 sit
905 3027 966 3076 Vnt.
984 3027 1042 3078 eclcl.
1075 3025 1180 3082 Fuerat,

216 3101 244 3145 nt
259 3101 322 3158 poto
340 3098 362 3156 ὅ,
383 3097 451 3161 qnod
468 3111 521 3144 eum
539 3093 695 3158 obsequens
713 3109 740 3143 ex
755 3094 886 3157 periisset,
904 3095 976 3156 infra
992 3102 1052 3159 poet
1069 3110 1092 3144 o.
1111 3094 1182 3144 heres

215 3165 329 3212 omissum
351 3171 376 3213 et
397 3163 438 3212 aaa
459 3164 581 3212 intrusum
604 3169 629 3212 et
652 3177 687 3211 ex
710 3169 806 3222 rogatus
828 3162 985 3212 adhaerente
1007 3163 1034 3211 in
1059 3162 1148 3225 fronte
1170 3175 1182 3209 s

212 3230 309 3293 factam
327 3236 366 3279 est
383 3231 422 3278 sit.
508 3228 529 3292 3)
549 3229 609 3279 Hae
631 3230 762 3286 reooeaai,
786 3230 836 3278 oid.
856 3236 907 3278 not.
926 3237 974 3279 432.
999 3226 1046 3294 (et)
1071 3231 1112 3284 ed.
1132 3228 1181 3294 Bp.
1259 3227 1262 3234 ’

214 3293 235 3359 ⁴)
255 3297 295 3360 Cf.
315 3297 370 3348 aaa.
390 3305 414 3357 2,
434 3304 480 3344 252.
508 3298 584 3348 Paul.
602 3305 626 3355 t,
645 3305 665 3350 3.
686 3295 714 3360 3.
734 3305 753 3347 1.
772 3311 853 3359 supra
870 3305 907 3354 at,
927 3305 961 3347 25.
1041 3293 1063 3359 5)
1082 3298 1182 3360 partitus

11 3397 13 3428 2
216 3361 276 3426 (pro
295 3361 432 3427 partirisus)
455 3361 515 3414 Vnt.
535 3365 593 3413 edd.
630 3364 684 3412 Nee
702 3379 762 3414 aero
781 3365 876 3412 demam
893 3379 929 3414 ea·
944 3364 1019 3427 faeta
1038 3365 1181 3428 partitione

85 3487 86 3490 Ἴ
214 3429 278 3480 haee
296 3432 438 3493 appellatio
457 3431 558 3483 dieitur.
587 3430 672 3487 Simile
689 3432 773 3480 vitiam
790 3431 840 3480 nid.
858 3430 885 3479 in
903 3439 935 3488 to,
954 3439 975 3480 ³.
1028 3429 1050 3495 ⁶)
1069 3431 1110 3494 Os.
1126 3430 1181 3479 Gai.
