2634 3960
350 179 412 213 uos.
431 177 466 212 nu
485 178 549 212 nou.
569 177 663 212 naemu
682 177 799 212 conexu.
818 165 835 214 l.
855 165 878 212 6.
899 167 924 218 l.
1074 167 1123 216 551

150 322 284 379 inmiserit
304 337 468 394 supereum
489 319 598 392 aliquod
622 336 677 382 uas,
700 336 755 374 uun
780 313 972 381 'insidians,¹⁰
1017 316 1044 378 2.
1077 321 1124 376 uel

144 406 275 479 lapidem,
298 421 352 476 quc
378 406 515 466 meriatur,
547 420 601 458 non
623 421 672 476 per
700 403 807 465 dolum,
835 410 862 458 et
884 403 1011 460 ceciderit
1036 421 1123 478 super

150 507 222 551 eum,
244 497 273 544 et
294 496 419 550 murtuus
442 487 537 560 suerit3
559 488 582 542 si
603 495 693 544 eutem
720 505 776 542 nun
797 489 921 543 inimicus
948 489 1006 544 eius
1028 487 1118 552 suerit,

152 590 241 646 neque
269 575 415 646 quaesierit
445 572 603 628 malefacere
632 573 670 633 ei,
701 569 730 628 3.
762 569 914 628 iudicabitis
944 575 1016 628 inter
1047 590 1117 635 cum,

153 659 198 730 qui
219 659 362 730 percussit,
376 666 404 714 et
424 659 575 731 proximum
597 658 710 718 mortui,
739 651 887 718 secundum
915 657 1014 713 indicia
1040 658 1114 720 haec,

152 741 181 796 4.
206 750 233 796 et
249 741 397 797 liberabitis
414 757 611 814 percussorem.

214 825 280 900 Kap.
304 825 345 880 Vl.
387 825 553 898 Ulpianus
583 823 677 880 libro
708 835 741 881 et
770 826 894 889 titulo,
927 829 985 900 qui
1011 843 1119 898 supra

148 910 267 966 relati:
300 909 324 966 1.
348 911 552 966 distinctionem
573 925 650 964 casus
676 919 704 964 et
735 909 883 980 uoluntatis
914 912 942 966 in
969 911 1113 966 homicidio

150 996 263 1057 seruari,
294 995 442 1068 ’rescripto
464 986 607 1048 Hadriani¹
631 991 817 1048 confirmatur.
861 993 946 1048 Verba
973 995 1118 1067 rescripti:

149 1077 178 1136 2.
199 1075 261 1138 fut
276 1080 322 1151 qui
344 1079 480 1134 huminem
496 1075 607 1138 oceidit,
624 1067 730 1133 absolui
745 1077 831 1141 solet,
854 1071 995 1133 'scilicet²
1017 1080 1040 1134 si
1063 1096 1120 1133 nun

150 1161 291 1218 occidendi
315 1163 403 1217 auimo
425 1162 452 1218 id
472 1161 592 1230 admisit:
618 1163 714 1235 etqui
736 1178 792 1216 non
819 1161 930 1224 eccidit,
958 1162 1006 1216 sed
1031 1163 1120 1218 uoluit

151 1247 282 1308 occidere,
299 1263 348 1320 pro
366 1247 497 1302 homicida
513 1245 663 1300 damnatur.
707 1242 735 1302 3.
759 1244 823 1300 Ere
839 1243 895 1322 '(it)
916 1238 1027 1318 itaque3
1055 1263 1120 1302 cun·

150 1332 318 1390 stituendum
333 1339 375 1386 est
391 1325 636 1403 ’ex(quirendu),4
652 1347 707 1402 quo
729 1330 802 1385 lerrn
822 1331 956 1402 percussit
978 1329 1119 1401 Epasrudi·

151 1426 204 1471 tue.
241 1415 306 1472 Nem
327 1417 350 1470 si
365 1415 484 1489 gladium
499 1415 651 1476 instrinxit,
675 1423 722 1469 aut
744 1414 798 1469 telc
815 1415 963 1488 percussit,
981 1414 1047 1486 quid
1069 1414 1118 1469 du-

150 1501 223 1556 bium
239 1509 289 1563 est,
307 1502 371 1572 quin
387 1499 525 1555 occidendi
542 1500 631 1554 anime
652 1499 837 1572 percusserit?
872 1498 900 1553 Si
915 1498 991 1553 clane
1007 1515 1119 1571 percus·

150 1586 195 1645 sit,
212 1593 257 1640 aut
273 1601 392 1649 cucuma,
409 1601 471 1640 cum
486 1583 558 1639 lcrte
573 1584 720 1638 rixaretur:
744 1582 817 1638 ferro
832 1581 982 1656 percussit,
999 1583 1046 1638 sed
1063 1600 1118 1638 non

150 1667 290 1724 occidendi
306 1677 405 1724 mente.
436 1667 466 1724 4.
483 1667 555 1742 Ergo
572 1669 625 1723 hcc
645 1669 793 1740 exquirite,
810 1676 838 1724 et
859 1669 882 1723 si
903 1667 1031 1723 uoluntas
1049 1669 1118 1723 occi·

150 1753 229 1808 dendi
246 1753 306 1815 luit,
328 1761 357 1808 ut
379 1753 537 1808 homicidam
553 1747 699 1808 'seruum5
721 1751 853 1824 supplicio
878 1745 1002 1806 'crucis⁶
1024 1751 1116 1806 iubete

150 1835 250 1892 adlici!
258 1830 271 1870 ⁷
704 1829 707 1834 ¹
879 1877 885 1889 .

214 1920 279 1992 Kap.
303 1920 357 1974 Vll.
395 1920 520 1976 Paulus
548 1920 639 1976 libro
670 1913 794 1976 ’senti
830 1920 971 1991 quintu,
1009 1919 1118 1973 titulo

151 2020 216 2076 quo
232 1999 364 2074 supra9
401 2003 425 2059 1.
443 2003 494 2070 Qui
509 2006 647 2060 huminem
667 2004 774 2066 occidit,
788 2001 933 2075 aliquando
955 2001 1116 2062 absoluitur,

150 2089 246 2160 etqui
270 2104 325 2142 nun
347 2087 457 2150 occidit,
481 2096 511 2142 ut
533 2087 666 2142 homicida
687 2087 843 2141 damnatur:
875 2085 1018 2140 consilium
1046 2087 1118 2140 enim

150 2173 378 2243 uniuscuiusque,
405 2187 461 2225 nun
481 2171 582 2226 laetum
602 2170 769 2242 puniendum
791 2177 841 2225 est.
879 2169 999 2241 Ideoque
1022 2169 1082 2241 'qui
1090 2162 1117 2202 ²⁰

149 2274 212 2312 cum
229 2255 311 2314 uellet
323 2255 455 2315 occidere,
472 2246 555 2327 '(a'd)1
577 2270 640 2308 casu
656 2253 746 2324 aliquo
762 2261 919 2326 perpetrare
941 2269 998 2307 non
1018 2255 1118 2324 putuit,

150 2350 181 2395 ut
200 2340 334 2396 homicida
354 2340 479 2413 punitum
497 2329 529 2394 ¹et
544 2339 580 2400 is,
604 2338 650 2408 qui
665 2352 729 2390 casu
750 2332 884 2408 ’(ἐαοηι)1
912 2337 960 2392 teli
982 2337 1118 2412 hominem

149 2424 335 2498 imprudenter
365 2423 482 2485 ferierit,
514 2420 674 2477 absoluitur.
725 2415 752 2476 2.
770 2415 891 2487 ²Qucdsi
918 2423 945 2476 in
972 2423 1029 2476 rixa
1055 2439 1118 2494 per·

149 2525 245 2564 cussus
273 2508 354 2563 humo
381 2509 505 2579 perierit,
533 2507 659 2580 quoniam
693 2507 762 2560 ictus
784 2506 894 2578 qunque
920 2508 994 2578 ipsos
1023 2514 1117 2562 contra

151 2609 372 2665 unumquemque
387 2592 564 2665 contemplari
581 2596 698 2664 oportet,
717 2590 778 2646 iden
794 2591 952 2646 humiliores
968 2591 996 2645 in
1013 2589 1115 2653 ludum,
1193 2620 1197 2628 ι

150 2777 182 2840 ¹⁰)
201 2779 316 2827 insidiant
333 2776 380 2834 B..
399 2775 465 2824 uude
481 2774 595 2837 fortusse
614 2775 661 2836 lep.
682 2774 831 2822 insidianter.
914 2770 935 2835 ¹)
955 2773 1060 2835 Deque
1079 2771 1115 2830 cf.

150 2847 181 2896 L.
202 2855 221 2894 1.
242 2843 269 2908 3.
289 2853 310 2896 3.
333 2845 366 2891 D.
385 2844 421 2891 nd
442 2845 489 2905 lep.
510 2841 586 2892 Corn.
611 2841 643 2890 de
666 2841 711 2889 aie.
732 2837 778 2903 (48,
798 2839 830 2902 8).
935 2837 956 2902 2)
976 2837 1027 2885 Ed.
1048 2837 1116 2889 run

110 2954 112 2959 ,
148 2916 191 2963 sed
211 2913 284 2972 odd,
304 2919 388 2960 nutum
405 2925 441 2959 ece
459 2911 511 2958 scil.
580 2906 601 2972 ³)
624 2907 683 2956 Vid.
703 2908 735 2956 L.
759 2915 776 2954 1.
796 2909 838 2959 cit.
907 2902 929 2970 4)
953 2919 980 2953 ex
998 2903 1062 2955 odd.
1094 2913 1117 2952 et

148 2997 185 3030 em
207 2982 275 3029 Pata.
299 2982 335 3041 ej.
359 2979 399 3028 ed.
425 2977 468 3028 Bt
511 2976 585 3036 Quod
604 2976 786 3038 supplevimus,
815 2972 846 3023 ob
869 2973 1053 3023 similitudinem
1075 2987 1116 3022 se·

63 3067 67 3071 ’
149 3050 275 3111 quentium
292 3062 377 3096 uocum
395 3046 523 3094 excidisse
541 3045 656 3096 videtur:
675 3043 709 3104 cf.
729 3041 756 3104 3.
770 3050 791 3089 4.
861 3039 882 3102 ³)
901 3040 966 3089 Odd.
994 3054 1117 3090 seruorum

148 3117 190 3162 ed.
209 3115 253 3162 Bt.
322 3113 343 3178 θ)
367 3127 421 3162 cum
444 3114 495 3162 iure
518 3111 553 3161 B.
585 3128 612 3160 eo
636 3111 687 3159 iure
714 3109 756 3159 Vi.
785 3123 837 3157 eum
862 3110 913 3158 iure
940 3109 987 3158 Ve.
1030 3107 1117 3155 Oruuia

149 3181 212 3230 duee
228 3182 301 3242 factu
318 3197 353 3228 ex
370 3182 453 3242 primu
471 3181 559 3228 littera
578 3179 656 3227 crucis
675 3193 723 3238 pro
735 3178 800 3240 siplo
813 3175 909 3226 dubita.
939 3175 1004 3223 cruci
1018 3175 1057 3223 ed.
1071 3173 1115 3224 Bt.

148 3249 170 3308 ⁷)
190 3247 224 3296 B.
257 3249 327 3308 adfigi
354 3247 394 3296 Vi.
423 3249 469 3296 Ve.
494 3249 536 3296 ed.
560 3247 603 3298 Bt.
650 3246 709 3295 Via.
734 3245 808 3294 Paul.
832 3241 858 3297 S.
883 3244 914 3294 R.
939 3252 967 3298 5,
990 3249 1024 3288 21.
1049 3237 1075 3301 3.
1094 3247 1116 3287 4.

149 3315 171 3379 8)
190 3317 273 3364 tertius
295 3315 335 3363 Vi.
365 3317 435 3366 tertio
454 3314 487 3368 Β,
511 3315 572 3371 Vc„
595 3314 667 3361 initio
686 3327 721 3360 sc.
742 3318 795 3362 tert.
813 3325 863 3373 pro
882 3316 942 3358 sent.
962 3315 990 3356 ut
1007 3310 1034 3356 in
1053 3307 1118 3356 Gou-

147 3385 205 3433 sult.
224 3399 246 3430 c.
267 3392 287 3433 e.
374 3379 395 3446 ⁹)
414 3402 449 3426 =
468 3383 539 3430 Paul.
559 3380 587 3428 S.
607 3381 637 3428 [l.
657 3388 682 3436 5,
702 3387 736 3427 ²³.
757 3376 784 3441 3.
803 3386 822 3428 3.
910 3373 942 3438 ²⁰)
964 3374 1015 3428 Om,
1034 3373 1067 3425 B.
1096 3376 1118 3423 si

152 3451 194 3502 Vi.
219 3449 265 3500 Ve.
286 3451 328 3500 ed.
346 3447 389 3502 Bl.
478 3448 496 3511 ¹)
517 3448 563 3497 Em
581 3449 654 3496 Paul.
678 3445 732 3494 Vis.
820 3443 841 3508 ²)
862 3440 903 3506 Of.
922 3443 954 3494 I..
975 3449 1008 3494 17.
1029 3441 1061 3494 D.
1082 3443 1119 3490 ud
