<?xml version="1.0" encoding="UTF-8"?>
<!DOCTYPE html PUBLIC "-//W3C//DTD XHTML 1.0 Transitional//EN"
    "http://www.w3.org/TR/xhtml1/DTD/xhtml1-transitional.dtd">
<html xmlns="http://www.w3.org/1999/xhtml" xml:lang="en" lang="en">
 <head>
  <title>
</title>
<meta http-equiv="Content-Type" content="text/html;charset=utf-8" />
  <meta name='ocr-system' content='tesseract 3.04.00' />
  <meta name='ocr-capabilities' content='ocr_page ocr_carea ocr_par ocr_line ocrx_word'/>
</head>
<body>
  <div class='ocr_page' id='page_1' title='image "./ivrisprvdentiae01huscgoog_0641.png"; bbox 0 0 2614 3960; ppageno 0'>
   <div class='ocr_carea' id='block_1_1' title="bbox 446 197 1165 267">
    <p class='ocr_par' dir='ltr' id='par_1_1' title="bbox 446 197 1165 267">
     <span class='ocr_line' id='line_1_1' title="bbox 446 197 1165 267; baseline 0.008 -28"><span class='ocrx_word' id='word_1_1' title='bbox 446 203 549 243; x_wconf 79' lang='lat' dir='ltr'>rnsan.</span> <span class='ocrx_word' id='word_1_2' title='bbox 570 206 626 244; x_wconf 79' lang='grc'><strong>116.</strong></span> <span class='ocrx_word' id='word_1_3' title='bbox 645 207 709 242; x_wconf 87' lang='lat' dir='ltr'>non.</span> <span class='ocrx_word' id='word_1_4' title='bbox 728 206 821 243; x_wconf 76' lang='grc'><strong>11116.</strong></span> <span class='ocrx_word' id='word_1_5' title='bbox 1067 197 1115 244; x_wconf 80' lang='grc'>666</span> <span class='ocrx_word' id='word_1_6' title='bbox 1162 255 1165 267; x_wconf 29' lang='grc' dir='ltr'>ι</span> 
     </span>
    </p>
   </div>
   <div class='ocr_carea' id='block_1_2' title="bbox 148 342 1117 610">
    <p class='ocr_par' dir='ltr' id='par_1_2' title="bbox 148 342 1117 610">
     <span class='ocr_line' id='line_1_2' title="bbox 148 342 1116 409; baseline 0 -15"><span class='ocrx_word' id='word_1_7' title='bbox 148 358 237 409; x_wconf 81' lang='lat' dir='ltr'>genus</span> <span class='ocrx_word' id='word_1_8' title='bbox 265 342 395 390; x_wconf 83' lang='lat' dir='ltr'>locorum·</span> <span class='ocrx_word' id='word_1_9' title='bbox 412 343 468 391; x_wconf 86' lang='lat' dir='ltr'>iarn</span> <span class='ocrx_word' id='word_1_10' title='bbox 498 342 653 392; x_wconf 88' lang='lat' dir='ltr'>absolutum</span> <span class='ocrx_word' id='word_1_11' title='bbox 679 343 770 393; x_wconf 91' lang='lat' dir='ltr'>videri</span> <span class='ocrx_word' id='word_1_12' title='bbox 795 349 901 409; x_wconf 84' lang='lat' dir='ltr'>potest3</span> <span class='ocrx_word' id='word_1_13' title='bbox 930 349 1006 394; x_wconf 90' lang='lat' dir='ltr'>certe</span> <span class='ocrx_word' id='word_1_14' title='bbox 1032 359 1116 394; x_wconf 86' lang='lat' dir='ltr'>unam</span> 
     </span>
     <span class='ocr_line' id='line_1_3' title="bbox 148 407 1115 476; baseline -0.001 -15"><span class='ocrx_word' id='word_1_15' title='bbox 148 415 256 461; x_wconf 89' lang='lat' dir='ltr'>tantum</span> <span class='ocrx_word' id='word_1_16' title='bbox 274 407 300 472; x_wconf 70' lang='lat' dir='ltr'>S.</span> <span class='ocrx_word' id='word_1_17' title='bbox 318 412 360 462; x_wconf 88' lang='grc'>66.</span> <span class='ocrx_word' id='word_1_18' title='bbox 379 409 488 471; x_wconf 86' lang='lat' dir='ltr'>inveni,</span> <span class='ocrx_word' id='word_1_19' title='bbox 509 410 553 458; x_wconf 90' lang='lat' dir='ltr'>cui</span> <span class='ocrx_word' id='word_1_20' title='bbox 569 410 622 458; x_wconf 89' lang='lat' dir='ltr'>hoc</span> <span class='ocrx_word' id='word_1_21' title='bbox 635 411 721 460; x_wconf 33' lang='lat' dir='ltr'>*modo</span> <span class='ocrx_word' id='word_1_22' title='bbox 741 411 873 461; x_wconf 84' lang='lat' dir='ltr'>auxilinm</span> <span class='ocrx_word' id='word_1_23' title='bbox 891 412 959 461; x_wconf 85' lang='lat' dir='ltr'>ferri</span> <span class='ocrx_word' id='word_1_24' title='bbox 976 417 1078 476; x_wconf 90' lang='lat' dir='ltr'>posset,</span> <span class='ocrx_word' id='word_1_25' title='bbox 1099 428 1115 460; x_wconf 91' lang='lat' dir='ltr'>a</span> 
     </span>
     <span class='ocr_line' id='line_1_4' title="bbox 149 464 1117 544; baseline 0.002 -18"><span class='ocrx_word' id='word_1_26' title='bbox 149 478 287 544; x_wconf 82' lang='lat' dir='ltr'>prioribus</span> <span class='ocrx_word' id='word_1_27' title='bbox 307 464 458 526; x_wconf 86' lang='lat' dir='ltr'>editoribds</span> <span class='ocrx_word' id='word_1_28' title='bbox 476 491 531 525; x_wconf 92' lang='lat' dir='ltr'>non</span> <span class='ocrx_word' id='word_1_29' title='bbox 555 477 780 528; x_wconf 86' lang='lat' dir='ltr'>animadversum.</span> <span class='ocrx_word' id='word_1_30' title='bbox 816 480 858 528; x_wconf 84' lang='lat' dir='ltr'>Ex</span> <span class='ocrx_word' id='word_1_31' title='bbox 876 479 988 544; x_wconf 80' lang='lat' dir='ltr'>ingenio</span> <span class='ocrx_word' id='word_1_32' title='bbox 1008 479 1117 542; x_wconf 83' lang='lat' dir='ltr'>aliqua-</span> 
     </span>
     <span class='ocr_line' id='line_1_5' title="bbox 151 543 1114 610; baseline 0.001 -16"><span class='ocrx_word' id='word_1_33' title='bbox 151 552 233 594; x_wconf 89' lang='lat' dir='ltr'>tenus</span> <span class='ocrx_word' id='word_1_34' title='bbox 251 543 410 608; x_wconf 74' lang='lat' dir='ltr'>supplendis</span> <span class='ocrx_word' id='word_1_35' title='bbox 429 544 458 592; x_wconf 92' lang='lat' dir='ltr'>hi</span> <span class='ocrx_word' id='word_1_36' title='bbox 480 545 515 592; x_wconf 91' lang='lat' dir='ltr'>iis</span> <span class='ocrx_word' id='word_1_37' title='bbox 533 548 639 592; x_wconf 90' lang='lat' dir='ltr'>tantum</span> <span class='ocrx_word' id='word_1_38' title='bbox 658 547 769 610; x_wconf 81' lang='lat' dir='ltr'>paginis</span> <span class='ocrx_word' id='word_1_39' title='bbox 788 548 907 595; x_wconf 86' lang='lat' dir='ltr'>animum</span> <span class='ocrx_word' id='word_1_40' title='bbox 927 545 1114 610; x_wconf 83' lang='lat' dir='ltr'>adverterant,</span> 
     </span>
    </p>
   </div>
   <div class='ocr_carea' id='block_1_3' title="bbox 32 611 1115 677">
    <p class='ocr_par' dir='ltr' id='par_1_3' title="bbox 32 611 1115 677">
     <span class='ocr_line' id='line_1_6' title="bbox 32 611 1115 677; baseline 0 -15"><span class='ocrx_word' id='word_1_41' title='bbox 32 611 37 618; x_wconf 90' lang='lat'>&#39;</span> <span class='ocrx_word' id='word_1_42' title='bbox 100 631 104 645; x_wconf 87' lang='lat'><strong>·</strong></span> <span class='ocrx_word' id='word_1_43' title='bbox 149 613 179 662; x_wconf 91' lang='lat' dir='ltr'>in</span> <span class='ocrx_word' id='word_1_44' title='bbox 202 613 300 676; x_wconf 91' lang='lat' dir='ltr'>quibus</span> <span class='ocrx_word' id='word_1_45' title='bbox 322 612 409 660; x_wconf 87' lang='lat' dir='ltr'>triens</span> <span class='ocrx_word' id='word_1_46' title='bbox 434 613 589 676; x_wconf 80' lang='lat' dir='ltr'>scripturae</span> <span class='ocrx_word' id='word_1_47' title='bbox 612 614 745 676; x_wconf 90' lang='lat' dir='ltr'>perierat:</span> <span class='ocrx_word' id='word_1_48' title='bbox 774 629 825 662; x_wconf 91' lang='lat' dir='ltr'>nec</span> <span class='ocrx_word' id='word_1_49' title='bbox 848 614 878 662; x_wconf 90' lang='lat' dir='ltr'>in</span> <span class='ocrx_word' id='word_1_50' title='bbox 900 613 954 675; x_wconf 91' lang='lat' dir='ltr'>his,</span> <span class='ocrx_word' id='word_1_51' title='bbox 980 619 1115 677; x_wconf 88' lang='lat' dir='ltr'>quatenus</span> 
     </span>
    </p>
   </div>
   <div class='ocr_carea' id='block_1_4' title="bbox 111 677 1117 3510">
    <p class='ocr_par' dir='ltr' id='par_1_4' title="bbox 111 677 1117 3510">
     <span class='ocr_line' id='line_1_7' title="bbox 149 677 1114 745; baseline 0 -17"><span class='ocrx_word' id='word_1_52' title='bbox 149 681 296 730; x_wconf 83' lang='lat' dir='ltr'>restituere</span> <span class='ocrx_word' id='word_1_53' title='bbox 316 677 459 742; x_wconf 90' lang='lat' dir='ltr'>deperdita</span> <span class='ocrx_word' id='word_1_54' title='bbox 479 679 572 728; x_wconf 87' lang='lat' dir='ltr'>conati</span> <span class='ocrx_word' id='word_1_55' title='bbox 590 684 661 742; x_wconf 90' lang='lat' dir='ltr'>sunt,</span> <span class='ocrx_word' id='word_1_56' title='bbox 681 681 766 744; x_wconf 89' lang='lat' dir='ltr'>spatii</span> <span class='ocrx_word' id='word_1_57' title='bbox 785 683 812 729; x_wconf 90' lang='lat' dir='ltr'>et</span> <span class='ocrx_word' id='word_1_58' title='bbox 830 682 879 744; x_wconf 89' lang='lat' dir='ltr'>rei,</span> <span class='ocrx_word' id='word_1_59' title='bbox 899 681 932 730; x_wconf 92' lang='lat' dir='ltr'>de</span> <span class='ocrx_word' id='word_1_60' title='bbox 946 696 1000 745; x_wconf 89' lang='lat' dir='ltr'>qna</span> <span class='ocrx_word' id='word_1_61' title='bbox 1014 682 1114 745; x_wconf 83' lang='lat' dir='ltr'>agitur,</span> 
     </span>
     <span class='ocr_line' id='line_1_8' title="bbox 150 745 1116 812; baseline 0 -16"><span class='ocrx_word' id='word_1_62' title='bbox 150 745 251 810; x_wconf 89' lang='lat' dir='ltr'>ubique</span> <span class='ocrx_word' id='word_1_63' title='bbox 276 747 346 795; x_wconf 89' lang='lat' dir='ltr'>satis</span> <span class='ocrx_word' id='word_1_64' title='bbox 369 746 504 796; x_wconf 87' lang='lat' dir='ltr'>rationem</span> <span class='ocrx_word' id='word_1_65' title='bbox 527 745 691 798; x_wconf 88' lang='lat' dir='ltr'>habuerunt.</span> <span class='ocrx_word' id='word_1_66' title='bbox 732 748 788 798; x_wconf 87' lang='lat' dir='ltr'>Nos</span> <span class='ocrx_word' id='word_1_67' title='bbox 816 748 879 797; x_wconf 91' lang='lat' dir='ltr'>huic</span> <span class='ocrx_word' id='word_1_68' title='bbox 907 749 982 812; x_wconf 90' lang='lat' dir='ltr'>parti</span> <span class='ocrx_word' id='word_1_69' title='bbox 1009 753 1116 798; x_wconf 82' lang='lat' dir='ltr'>tantam</span> 
     </span>
     <span class='ocr_line' id='line_1_9' title="bbox 148 813 1115 880; baseline 0 -16"><span class='ocrx_word' id='word_1_70' title='bbox 148 829 262 878; x_wconf 88' lang='lat' dir='ltr'>operam</span> <span class='ocrx_word' id='word_1_71' title='bbox 281 813 454 874; x_wconf 88' lang='lat' dir='ltr'>navavimus,</span> <span class='ocrx_word' id='word_1_72' title='bbox 473 813 551 862; x_wconf 90' lang='lat' dir='ltr'>utin</span> <span class='ocrx_word' id='word_1_73' title='bbox 569 814 611 863; x_wconf 89' lang='lat' dir='ltr'>his</span> <span class='ocrx_word' id='word_1_74' title='bbox 631 815 741 878; x_wconf 89' lang='lat' dir='ltr'>quidem</span> <span class='ocrx_word' id='word_1_75' title='bbox 759 815 868 880; x_wconf 79' lang='lat' dir='ltr'>paginis</span> <span class='ocrx_word' id='word_1_76' title='bbox 886 816 977 865; x_wconf 91' lang='lat' dir='ltr'>nullus</span> <span class='ocrx_word' id='word_1_77' title='bbox 996 815 1115 880; x_wconf 87' lang='lat' dir='ltr'>amplius</span> 
     </span>
     <span class='ocr_line' id='line_1_10' title="bbox 127 881 1116 946; baseline 0.006 -20"><span class='ocrx_word' id='word_1_78' title='bbox 127 923 128 926; x_wconf 76' lang='grc'>,</span> <span class='ocrx_word' id='word_1_79' title='bbox 150 882 244 932; x_wconf 83' lang='lat' dir='ltr'>hiatus</span> <span class='ocrx_word' id='word_1_80' title='bbox 262 885 381 930; x_wconf 86' lang='lat' dir='ltr'>mentem</span> <span class='ocrx_word' id='word_1_81' title='bbox 399 881 445 930; x_wconf 91' lang='lat' dir='ltr'>vel</span> <span class='ocrx_word' id='word_1_82' title='bbox 464 881 558 930; x_wconf 90' lang='lat' dir='ltr'>oculos</span> <span class='ocrx_word' id='word_1_83' title='bbox 577 881 708 931; x_wconf 88' lang='lat' dir='ltr'>offendat.</span> <span class='ocrx_word' id='word_1_84' title='bbox 734 883 788 934; x_wconf 81' lang='lat' dir='ltr'>Sed</span> <span class='ocrx_word' id='word_1_85' title='bbox 807 883 885 933; x_wconf 90' lang='lat' dir='ltr'>etde</span> <span class='ocrx_word' id='word_1_86' title='bbox 905 883 1006 933; x_wconf 89' lang='lat' dir='ltr'>ceteris</span> <span class='ocrx_word' id='word_1_87' title='bbox 1019 882 1116 946; x_wconf 89' lang='lat' dir='ltr'>despe-</span> 
     </span>
     <span class='ocr_line' id='line_1_11' title="bbox 148 947 1115 1014; baseline 0.001 -16"><span class='ocrx_word' id='word_1_88' title='bbox 148 948 264 998; x_wconf 88' lang='lat' dir='ltr'>randum</span> <span class='ocrx_word' id='word_1_89' title='bbox 282 963 337 996; x_wconf 91' lang='lat' dir='ltr'>non</span> <span class='ocrx_word' id='word_1_90' title='bbox 356 961 416 997; x_wconf 88' lang='lat' dir='ltr'>esse</span> <span class='ocrx_word' id='word_1_91' title='bbox 437 948 577 1010; x_wconf 89' lang='lat' dir='ltr'>arbitrati,</span> <span class='ocrx_word' id='word_1_92' title='bbox 598 947 750 1012; x_wconf 77' lang='lat' dir='ltr'>effecimus,</span> <span class='ocrx_word' id='word_1_93' title='bbox 769 955 800 999; x_wconf 91' lang='lat' dir='ltr'>nt</span> <span class='ocrx_word' id='word_1_94' title='bbox 819 966 881 999; x_wconf 89' lang='grc'><strong>61161</strong></span> <span class='ocrx_word' id='word_1_95' title='bbox 900 949 948 1014; x_wconf 64' lang='lat'>88.</span> <span class='ocrx_word' id='word_1_96' title='bbox 967 951 1115 1014; x_wconf 82' lang='lat' dir='ltr'>sexaginta</span> 
     </span>
     <span class='ocr_line' id='line_1_12' title="bbox 148 1015 1115 1084; baseline -0.001 -18"><span class='ocrx_word' id='word_1_97' title='bbox 148 1021 212 1066; x_wconf 92' lang='lat' dir='ltr'>octo</span> <span class='ocrx_word' id='word_1_98' title='bbox 233 1019 326 1065; x_wconf 85' lang='lat' dir='ltr'>essent</span> <span class='ocrx_word' id='word_1_99' title='bbox 344 1015 380 1078; x_wconf 89' lang='lat' dir='ltr'>(si</span> <span class='ocrx_word' id='word_1_100' title='bbox 399 1019 473 1064; x_wconf 87' lang='lat' dir='ltr'>recte</span> <span class='ocrx_word' id='word_1_101' title='bbox 492 1015 656 1081; x_wconf 86' lang='lat' dir='ltr'>numeravi),</span> <span class='ocrx_word' id='word_1_102' title='bbox 676 1031 747 1080; x_wconf 90' lang='lat' dir='ltr'>quae</span> <span class='ocrx_word' id='word_1_103' title='bbox 766 1019 875 1067; x_wconf 87' lang='lat' dir='ltr'>bessem</span> <span class='ocrx_word' id='word_1_104' title='bbox 887 1019 1041 1082; x_wconf 82' lang='lat' dir='ltr'>scripturae</span> <span class='ocrx_word' id='word_1_105' title='bbox 1055 1032 1115 1084; x_wconf 86' lang='lat' dir='ltr'>per-</span> 
     </span>
     <span class='ocr_line' id='line_1_13' title="bbox 149 1082 1115 1147; baseline 0.001 -15"><span class='ocrx_word' id='word_1_106' title='bbox 149 1083 285 1144; x_wconf 87' lang='lat' dir='ltr'>diderant,</span> <span class='ocrx_word' id='word_1_107' title='bbox 305 1085 415 1138; x_wconf 86' lang='lat' dir='ltr'>tantum¹</span> <span class='ocrx_word' id='word_1_108' title='bbox 429 1082 559 1132; x_wconf 82' lang='lat' dir='ltr'>undecim</span> <span class='ocrx_word' id='word_1_109' title='bbox 576 1097 692 1132; x_wconf 90' lang='lat' dir='ltr'>mancae</span> <span class='ocrx_word' id='word_1_110' title='bbox 710 1083 827 1134; x_wconf 85' lang='lat' dir='ltr'>relictae</span> <span class='ocrx_word' id='word_1_111' title='bbox 842 1082 905 1146; x_wconf 87' lang='lat' dir='ltr'>sint,</span> <span class='ocrx_word' id='word_1_112' title='bbox 926 1099 996 1147; x_wconf 87' lang='lat' dir='ltr'>quae</span> <span class='ocrx_word' id='word_1_113' title='bbox 1011 1085 1115 1135; x_wconf 90' lang='lat' dir='ltr'>doctio-</span> 
     </span>
     <span class='ocr_line' id='line_1_14' title="bbox 147 1149 1115 1216; baseline 0 -16"><span class='ocrx_word' id='word_1_114' title='bbox 147 1152 187 1200; x_wconf 85' lang='lat' dir='ltr'>ris</span> <span class='ocrx_word' id='word_1_115' title='bbox 205 1149 250 1200; x_wconf 91' lang='lat' dir='ltr'>vel</span> <span class='ocrx_word' id='word_1_116' title='bbox 268 1149 464 1212; x_wconf 81' lang='lat' dir='ltr'>ingeniosioris</span> <span class='ocrx_word' id='word_1_117' title='bbox 484 1165 563 1214; x_wconf 90' lang='lat' dir='ltr'>opem</span> <span class='ocrx_word' id='word_1_118' title='bbox 577 1155 747 1216; x_wconf 85' lang='lat' dir='ltr'>exspectent.</span> <span class='ocrx_word' id='word_1_119' title='bbox 778 1151 907 1200; x_wconf 85' lang='lat' dir='ltr'>Ceterum</span> <span class='ocrx_word' id='word_1_120' title='bbox 924 1153 954 1200; x_wconf 92' lang='lat' dir='ltr'>in</span> <span class='ocrx_word' id='word_1_121' title='bbox 967 1153 1115 1201; x_wconf 89' lang='lat' dir='ltr'>aestiman-</span> 
     </span>
     <span class='ocr_line' id='line_1_15' title="bbox 149 1215 1114 1283; baseline -0.002 -15"><span class='ocrx_word' id='word_1_122' title='bbox 149 1220 192 1268; x_wconf 91' lang='lat' dir='ltr'>dis</span> <span class='ocrx_word' id='word_1_123' title='bbox 215 1215 372 1266; x_wconf 89' lang='lat' dir='ltr'>huiusmodi</span> <span class='ocrx_word' id='word_1_124' title='bbox 400 1216 598 1281; x_wconf 85' lang='lat' dir='ltr'>supplementis</span> <span class='ocrx_word' id='word_1_125' title='bbox 626 1221 657 1267; x_wconf 91' lang='lat' dir='ltr'>ut</span> <span class='ocrx_word' id='word_1_126' title='bbox 681 1234 729 1280; x_wconf 88' lang='lat' dir='ltr'>ea,</span> <span class='ocrx_word' id='word_1_127' title='bbox 758 1233 827 1283; x_wconf 89' lang='lat' dir='ltr'>quae</span> <span class='ocrx_word' id='word_1_128' title='bbox 854 1220 884 1268; x_wconf 88' lang='lat' dir='ltr'>in</span> <span class='ocrx_word' id='word_1_129' title='bbox 910 1220 996 1268; x_wconf 91' lang='lat' dir='ltr'>totius</span> <span class='ocrx_word' id='word_1_130' title='bbox 1024 1220 1114 1281; x_wconf 89' lang='lat' dir='ltr'>operis</span> 
     </span>
     <span class='ocr_line' id='line_1_16' title="bbox 149 1283 1114 1351; baseline 0.001 -17"><span class='ocrx_word' id='word_1_131' title='bbox 149 1285 324 1351; x_wconf 83' lang='lat' dir='ltr'>praefatione</span> <span class='ocrx_word' id='word_1_132' title='bbox 350 1283 419 1346; x_wconf 82' lang='lat' dir='ltr'>dixi,</span> <span class='ocrx_word' id='word_1_133' title='bbox 445 1285 536 1335; x_wconf 89' lang='lat' dir='ltr'>animo</span> <span class='ocrx_word' id='word_1_134' title='bbox 560 1285 685 1348; x_wconf 89' lang='lat' dir='ltr'>recolas,</span> <span class='ocrx_word' id='word_1_135' title='bbox 709 1287 808 1336; x_wconf 88' lang='lat' dir='ltr'>iterum</span> <span class='ocrx_word' id='word_1_136' title='bbox 835 1287 967 1336; x_wconf 88' lang='lat' dir='ltr'>monitum</span> <span class='ocrx_word' id='word_1_137' title='bbox 991 1289 1018 1335; x_wconf 90' lang='lat' dir='ltr'>te</span> <span class='ocrx_word' id='word_1_138' title='bbox 1043 1286 1114 1336; x_wconf 87' lang='lat' dir='ltr'>volo.</span> 
     </span>
     <span class='ocr_line' id='line_1_17' title="bbox 150 1352 1115 1418; baseline -0.001 -16"><span class='ocrx_word' id='word_1_139' title='bbox 150 1352 392 1418; x_wconf 80' lang='lat' dir='ltr'>Peragraphorum</span> <span class='ocrx_word' id='word_1_140' title='bbox 410 1365 537 1402; x_wconf 87' lang='lat' dir='ltr'>numeros</span> <span class='ocrx_word' id='word_1_141' title='bbox 555 1367 609 1402; x_wconf 89' lang='lat' dir='ltr'>non</span> <span class='ocrx_word' id='word_1_142' title='bbox 628 1355 746 1414; x_wconf 86' lang='lat' dir='ltr'>mutavi,</span> <span class='ocrx_word' id='word_1_143' title='bbox 770 1353 837 1403; x_wconf 90' lang='lat' dir='ltr'>licet</span> <span class='ocrx_word' id='word_1_144' title='bbox 860 1353 996 1418; x_wconf 88' lang='lat' dir='ltr'>quaedam</span> <span class='ocrx_word' id='word_1_145' title='bbox 1019 1358 1115 1417; x_wconf 88' lang='lat' dir='ltr'>aperto</span> 
     </span>
     <span class='ocr_line' id='line_1_18' title="bbox 151 1419 1116 1485; baseline -0.002 -15"><span class='ocrx_word' id='word_1_146' title='bbox 151 1437 243 1471; x_wconf 88' lang='grc'><strong>611616</strong></span> <span class='ocrx_word' id='word_1_147' title='bbox 270 1421 325 1481; x_wconf 84' lang='lat' dir='ltr'>ita,</span> <span class='ocrx_word' id='word_1_148' title='bbox 352 1425 383 1468; x_wconf 90' lang='lat' dir='ltr'>ut</span> <span class='ocrx_word' id='word_1_149' title='bbox 409 1435 482 1468; x_wconf 89' lang='lat' dir='ltr'>nunc</span> <span class='ocrx_word' id='word_1_150' title='bbox 510 1419 638 1479; x_wconf 87' lang='lat' dir='ltr'>eduntur,</span> <span class='ocrx_word' id='word_1_151' title='bbox 671 1422 821 1470; x_wconf 85' lang='lat' dir='ltr'>distinctae</span> <span class='ocrx_word' id='word_1_152' title='bbox 854 1422 917 1473; x_wconf 89' lang='lat' dir='ltr'>sint.</span> <span class='ocrx_word' id='word_1_153' title='bbox 961 1420 1116 1485; x_wconf 87' lang='lat' dir='ltr'>Ampliores</span> 
     </span>
     <span class='ocr_line' id='line_1_19' title="bbox 151 1487 1115 1585; baseline -0.002 -47"><span class='ocrx_word' id='word_1_154' title='bbox 151 1493 243 1538; x_wconf 86' lang='lat' dir='ltr'>autem</span> <span class='ocrx_word' id='word_1_155' title='bbox 263 1487 310 1550; x_wconf 63' lang='lat'>83.</span> <span class='ocrx_word' id='word_1_156' title='bbox 329 1491 359 1536; x_wconf 90' lang='grc'>116</span> <span class='ocrx_word' id='word_1_157' title='bbox 377 1487 492 1536; x_wconf 88' lang='lat' dir='ltr'>facilius</span> <span class='ocrx_word' id='word_1_158' title='bbox 511 1487 594 1536; x_wconf 89' lang='lat' dir='ltr'>citari</span> <span class='ocrx_word' id='word_1_159' title='bbox 610 1494 732 1551; x_wconf 88' lang='lat' dir='ltr'>possent,</span> <span class='ocrx_word' id='word_1_160' title='bbox 752 1489 780 1537; x_wconf 91' lang='lat' dir='ltr'>in</span> <span class='ocrx_word' id='word_1_161' title='bbox 799 1493 893 1585; x_wconf 75' lang='lat' dir='ltr'>partes</span> <span class='ocrx_word' id='word_1_162' title='bbox 911 1487 1041 1537; x_wconf 86' lang='lat' dir='ltr'>distribui</span> <span class='ocrx_word' id='word_1_163' title='bbox 1054 1502 1115 1536; x_wconf 89' lang='lat' dir='ltr'>eas-</span> 
     </span>
     <span class='ocr_line' id='line_1_20' title="bbox 151 1554 1115 1621; baseline 0.001 -18"><span class='ocrx_word' id='word_1_164' title='bbox 151 1569 204 1618; x_wconf 90' lang='lat' dir='ltr'>qnc</span> <span class='ocrx_word' id='word_1_165' title='bbox 222 1556 343 1605; x_wconf 87' lang='lat' dir='ltr'>numeris</span> <span class='ocrx_word' id='word_1_166' title='bbox 366 1555 476 1603; x_wconf 88' lang='lat' dir='ltr'>uncinis</span> <span class='ocrx_word' id='word_1_167' title='bbox 499 1554 614 1604; x_wconf 85' lang='lat' dir='ltr'>inclusis</span> <span class='ocrx_word' id='word_1_168' title='bbox 638 1556 780 1621; x_wconf 83' lang='lat' dir='ltr'>insignivi.</span> <span class='ocrx_word' id='word_1_169' title='bbox 819 1557 834 1588; x_wconf 71' lang='lat'>²¹⁸</span> <span class='ocrx_word' id='word_1_170' title='bbox 870 1557 948 1606; x_wconf 86' lang='lat' dir='ltr'>Haec</span> <span class='ocrx_word' id='word_1_171' title='bbox 973 1555 1115 1605; x_wconf 87' lang='lat' dir='ltr'>asteriscis</span> 
     </span>
     <span class='ocr_line' id='line_1_21' title="bbox 150 1622 1113 1688; baseline -0.001 -17"><span class='ocrx_word' id='word_1_172' title='bbox 150 1627 248 1672; x_wconf 87' lang='lat' dir='ltr'>notata</span> <span class='ocrx_word' id='word_1_173' title='bbox 266 1622 401 1686; x_wconf 83' lang='lat' dir='ltr'>perlecta,</span> <span class='ocrx_word' id='word_1_174' title='bbox 421 1628 451 1671; x_wconf 90' lang='lat' dir='ltr'>ut</span> <span class='ocrx_word' id='word_1_175' title='bbox 469 1622 691 1686; x_wconf 70' lang='lat' dir='ltr'>putabam&#39;mea</span> <span class='ocrx_word' id='word_1_176' title='bbox 711 1625 830 1674; x_wconf 85' lang='lat' dir='ltr'>editione</span> <span class='ocrx_word' id='word_1_177' title='bbox 844 1625 885 1674; x_wconf 90' lang='lat' dir='ltr'>ita</span> <span class='ocrx_word' id='word_1_178' title='bbox 899 1623 1113 1688; x_wconf 83' lang='lat' dir='ltr'>disputaveram,</span> 
     </span>
     <span class='ocr_line' id='line_1_22' title="bbox 151 1689 1114 1756; baseline -0.001 -18"><span class='ocrx_word' id='word_1_179' title='bbox 151 1705 212 1738; x_wconf 91' lang='lat' dir='ltr'>cum</span> <span class='ocrx_word' id='word_1_180' title='bbox 230 1705 301 1740; x_wconf 85' lang='lat' dir='ltr'>nove</span> <span class='ocrx_word' id='word_1_181' title='bbox 321 1689 370 1738; x_wconf 90' lang='lat' dir='ltr'>Th.</span> <span class='ocrx_word' id='word_1_182' title='bbox 390 1689 525 1738; x_wconf 89' lang='lat' dir='ltr'>Momseni</span> <span class='ocrx_word' id='word_1_183' title='bbox 545 1689 628 1740; x_wconf 90' lang='lat' dir='ltr'>editio</span> <span class='ocrx_word' id='word_1_184' title='bbox 654 1690 780 1752; x_wconf 83' lang='lat' dir='ltr'>affertur,</span> <span class='ocrx_word' id='word_1_185' title='bbox 806 1693 851 1741; x_wconf 92' lang='lat' dir='ltr'>cni</span> <span class='ocrx_word' id='word_1_186' title='bbox 873 1693 1035 1756; x_wconf 88' lang='lat' dir='ltr'>inscriptum</span> <span class='ocrx_word' id='word_1_187' title='bbox 1060 1694 1114 1740; x_wconf 87' lang='lat' dir='ltr'>est:</span> 
     </span>
     <span class='ocr_line' id='line_1_23' title="bbox 150 1756 1116 1821; baseline -0.002 -15"><span class='ocrx_word' id='word_1_188' title='bbox 150 1757 273 1807; x_wconf 73' lang='lat' dir='ltr'>‘Codicis</span> <span class='ocrx_word' id='word_1_189' title='bbox 292 1757 424 1807; x_wconf 90' lang='lat' dir='ltr'>Vaticani</span> <span class='ocrx_word' id='word_1_190' title='bbox 442 1771 468 1809; x_wconf 91' lang='grc'>6.</span> <span class='ocrx_word' id='word_1_191' title='bbox 488 1756 563 1806; x_wconf 79' lang='grc'><strong>5766.</strong></span> <span class='ocrx_word' id='word_1_192' title='bbox 582 1757 611 1805; x_wconf 91' lang='grc'>66</span> <span class='ocrx_word' id='word_1_193' title='bbox 629 1773 683 1821; x_wconf 93' lang='lat' dir='ltr'>quo</span> <span class='ocrx_word' id='word_1_194' title='bbox 701 1759 795 1809; x_wconf 92' lang='lat' dir='ltr'>insunt</span> <span class='ocrx_word' id='word_1_195' title='bbox 817 1760 884 1809; x_wconf 88' lang='lat' dir='ltr'>iuris</span> <span class='ocrx_word' id='word_1_196' title='bbox 904 1758 1116 1808; x_wconf 88' lang='lat' dir='ltr'>anteiustiniani</span> 
     </span>
     <span class='ocr_line' id='line_1_24' title="bbox 151 1823 1116 1891; baseline -0.002 -17"><span class='ocrx_word' id='word_1_197' title='bbox 151 1827 307 1889; x_wconf 82' lang='lat' dir='ltr'>fragmenta</span> <span class='ocrx_word' id='word_1_198' title='bbox 331 1839 401 1888; x_wconf 88' lang='lat' dir='ltr'>quae</span> <span class='ocrx_word' id='word_1_199' title='bbox 425 1823 554 1872; x_wconf 90' lang='lat' dir='ltr'>dicuntur</span> <span class='ocrx_word' id='word_1_200' title='bbox 577 1825 718 1876; x_wconf 88' lang='lat' dir='ltr'>Vaticana</span> <span class='ocrx_word' id='word_1_201' title='bbox 742 1826 896 1891; x_wconf 86' lang='lat' dir='ltr'>exemplum</span> <span class='ocrx_word' id='word_1_202' title='bbox 919 1825 1013 1874; x_wconf 89' lang='lat' dir='ltr'>addita</span> <span class='ocrx_word' id='word_1_203' title='bbox 1041 1828 1116 1872; x_wconf 88' lang='lat' dir='ltr'>tran-</span> 
     </span>
     <span class='ocr_line' id='line_1_25' title="bbox 150 1891 1114 1955; baseline -0.001 -14"><span class='ocrx_word' id='word_1_204' title='bbox 150 1893 302 1955; x_wconf 84' lang='lat' dir='ltr'>scriptione</span> <span class='ocrx_word' id='word_1_205' title='bbox 325 1891 450 1954; x_wconf 88' lang='lat' dir='ltr'>notisque</span> <span class='ocrx_word' id='word_1_206' title='bbox 476 1892 581 1941; x_wconf 90' lang='lat' dir='ltr'>criticis</span> <span class='ocrx_word' id='word_1_207' title='bbox 606 1893 647 1942; x_wconf 89' lang='lat' dir='ltr'>ed.</span> <span class='ocrx_word' id='word_1_208' title='bbox 672 1893 723 1943; x_wconf 84' lang='lat' dir='ltr'>Th.</span> <span class='ocrx_word' id='word_1_209' title='bbox 743 1894 876 1943; x_wconf 87' lang='lat' dir='ltr'>Momsen.</span> <span class='ocrx_word' id='word_1_210' title='bbox 912 1891 1003 1942; x_wconf 87' lang='lat' dir='ltr'>Berol.</span> <span class='ocrx_word' id='word_1_211' title='bbox 1029 1893 1114 1942; x_wconf 68' lang='lat'>1860!</span> 
     </span>
     <span class='ocr_line' id='line_1_26' title="bbox 152 1958 1116 2023; baseline 0.001 -18"><span class='ocrx_word' id='word_1_212' title='bbox 152 1960 213 2020; x_wconf 73' lang='lat' dir='ltr'>Qua</span> <span class='ocrx_word' id='word_1_213' title='bbox 241 1958 364 2007; x_wconf 84' lang='lat' dir='ltr'>editione</span> <span class='ocrx_word' id='word_1_214' title='bbox 391 1958 474 2008; x_wconf 88' lang='lat' dir='ltr'>etiam</span> <span class='ocrx_word' id='word_1_215' title='bbox 496 1959 559 2023; x_wconf 89' lang='lat' dir='ltr'>plus</span> <span class='ocrx_word' id='word_1_216' title='bbox 583 1973 664 2022; x_wconf 90' lang='lat' dir='ltr'>quam</span> <span class='ocrx_word' id='word_1_217' title='bbox 686 1960 762 2011; x_wconf 90' lang='lat' dir='ltr'>docti</span> <span class='ocrx_word' id='word_1_218' title='bbox 791 1961 842 2011; x_wconf 90' lang='lat' dir='ltr'>viri</span> <span class='ocrx_word' id='word_1_219' title='bbox 869 1959 1027 2009; x_wconf 86' lang='lat' dir='ltr'>desiderare</span> <span class='ocrx_word' id='word_1_220' title='bbox 1055 1960 1116 2008; x_wconf 86' lang='lat' dir='ltr'>ausi</span> 
     </span>
     <span class='ocr_line' id='line_1_27' title="bbox 152 2026 1116 2088; baseline -0.001 -14"><span class='ocrx_word' id='word_1_221' title='bbox 152 2029 245 2086; x_wconf 89' lang='lat' dir='ltr'>erant,</span> <span class='ocrx_word' id='word_1_222' title='bbox 268 2026 432 2088; x_wconf 89' lang='lat' dir='ltr'>praestitum</span> <span class='ocrx_word' id='word_1_223' title='bbox 462 2030 512 2074; x_wconf 86' lang='lat' dir='ltr'>est.</span> <span class='ocrx_word' id='word_1_224' title='bbox 557 2026 617 2076; x_wconf 89' lang='lat' dir='ltr'>Iam</span> <span class='ocrx_word' id='word_1_225' title='bbox 646 2029 717 2077; x_wconf 90' lang='lat' dir='ltr'>enim</span> <span class='ocrx_word' id='word_1_226' title='bbox 743 2029 829 2078; x_wconf 88' lang='lat' dir='ltr'>habes</span> <span class='ocrx_word' id='word_1_227' title='bbox 851 2027 985 2076; x_wconf 91' lang='lat' dir='ltr'>Vaticani</span> <span class='ocrx_word' id='word_1_228' title='bbox 1013 2026 1116 2074; x_wconf 88' lang='lat' dir='ltr'>codicis</span> 
     </span>
     <span class='ocr_line' id='line_1_28' title="bbox 111 2089 1117 2159; baseline 0.003 -20"><span class='ocrx_word' id='word_1_229' title='bbox 111 2135 113 2139; x_wconf 25' lang='lat'><strong>⁴</strong></span> <span class='ocrx_word' id='word_1_230' title='bbox 150 2107 206 2142; x_wconf 89' lang='lat' dir='ltr'>non</span> <span class='ocrx_word' id='word_1_231' title='bbox 224 2089 302 2140; x_wconf 89' lang='lat' dir='ltr'>modo</span> <span class='ocrx_word' id='word_1_232' title='bbox 321 2093 450 2141; x_wconf 84' lang='lat' dir='ltr'>iteratam</span> <span class='ocrx_word' id='word_1_233' title='bbox 468 2092 655 2157; x_wconf 90' lang='lat' dir='ltr'>collationem,</span> <span class='ocrx_word' id='word_1_234' title='bbox 675 2110 755 2159; x_wconf 89' lang='lat' dir='ltr'>qnam</span> <span class='ocrx_word' id='word_1_235' title='bbox 772 2103 884 2156; x_wconf 89' lang='lat' dir='ltr'>vocant,</span> <span class='ocrx_word' id='word_1_236' title='bbox 903 2093 953 2143; x_wconf 89' lang='lat' dir='ltr'>sed</span> <span class='ocrx_word' id='word_1_237' title='bbox 971 2097 1000 2142; x_wconf 91' lang='lat' dir='ltr'>ut</span> <span class='ocrx_word' id='word_1_238' title='bbox 1019 2093 1117 2144; x_wconf 88' lang='lat' dir='ltr'>titulus</span> 
     </span>
     <span class='ocr_line' id='line_1_29' title="bbox 151 2159 1116 2226; baseline -0.002 -16"><span class='ocrx_word' id='word_1_239' title='bbox 151 2175 206 2210; x_wconf 90' lang='lat' dir='ltr'>non</span> <span class='ocrx_word' id='word_1_240' title='bbox 223 2159 342 2210; x_wconf 83' lang='lat' dir='ltr'>mendax</span> <span class='ocrx_word' id='word_1_241' title='bbox 359 2159 513 2223; x_wconf 87' lang='lat' dir='ltr'>praedicat,</span> <span class='ocrx_word' id='word_1_242' title='bbox 533 2161 686 2226; x_wconf 82' lang='lat' dir='ltr'>exemplum</span> <span class='ocrx_word' id='word_1_243' title='bbox 704 2167 733 2212; x_wconf 87' lang='lat' dir='ltr'>et</span> <span class='ocrx_word' id='word_1_244' title='bbox 745 2177 832 2226; x_wconf 88' lang='lat' dir='ltr'>paene</span> <span class='ocrx_word' id='word_1_245' title='bbox 846 2161 1022 2210; x_wconf 87' lang='lat' dir='ltr'>simulacrum</span> <span class='ocrx_word' id='word_1_246' title='bbox 1034 2161 1116 2223; x_wconf 90' lang='lat' dir='ltr'>idque</span> 
     </span>
     <span class='ocr_line' id='line_1_30' title="bbox 150 2225 1117 2292; baseline -0.002 -14"><span class='ocrx_word' id='word_1_247' title='bbox 150 2227 287 2278; x_wconf 89' lang='lat' dir='ltr'>Momseni</span> <span class='ocrx_word' id='word_1_248' title='bbox 306 2225 422 2276; x_wconf 90' lang='lat' dir='ltr'>consilio</span> <span class='ocrx_word' id='word_1_249' title='bbox 443 2230 470 2276; x_wconf 92' lang='lat' dir='ltr'>et</span> <span class='ocrx_word' id='word_1_250' title='bbox 490 2227 630 2276; x_wconf 89' lang='lat' dir='ltr'>arbitratu</span> <span class='ocrx_word' id='word_1_251' title='bbox 649 2233 676 2278; x_wconf 92' lang='grc'>66</span> <span class='ocrx_word' id='word_1_252' title='bbox 689 2229 845 2280; x_wconf 86' lang='lat' dir='ltr'>Detlefseni</span> <span class='ocrx_word' id='word_1_253' title='bbox 863 2229 1013 2278; x_wconf 79' lang='lat' dir='ltr'>scitissime</span> <span class='ocrx_word' id='word_1_254' title='bbox 1032 2242 1117 2292; x_wconf 85' lang='lat' dir='ltr'>opera</span> 
     </span>
     <span class='ocr_line' id='line_1_31' title="bbox 151 2294 1116 2347; baseline -0.002 -2"><span class='ocrx_word' id='word_1_255' title='bbox 151 2295 361 2346; x_wconf 87' lang='lat' dir='ltr'>accuratissime</span> <span class='ocrx_word' id='word_1_256' title='bbox 380 2295 498 2344; x_wconf 89' lang='lat' dir='ltr'>iactum:</span> <span class='ocrx_word' id='word_1_257' title='bbox 519 2295 565 2342; x_wconf 91' lang='lat' dir='ltr'>cui</span> <span class='ocrx_word' id='word_1_258' title='bbox 583 2295 692 2346; x_wconf 89' lang='lat' dir='ltr'>accedit</span> <span class='ocrx_word' id='word_1_259' title='bbox 709 2312 782 2347; x_wconf 88' lang='lat' dir='ltr'>nova</span> <span class='ocrx_word' id='word_1_260' title='bbox 800 2301 891 2345; x_wconf 84' lang='lat' dir='ltr'>textus</span> <span class='ocrx_word' id='word_1_261' title='bbox 905 2297 1030 2347; x_wconf 88' lang='lat' dir='ltr'>recensio</span> <span class='ocrx_word' id='word_1_262' title='bbox 1049 2294 1116 2344; x_wconf 90' lang='lat' dir='ltr'>mul-</span> 
     </span>
     <span class='ocr_line' id='line_1_32' title="bbox 152 2359 1116 2429; baseline -0.001 -16"><span class='ocrx_word' id='word_1_263' title='bbox 152 2366 188 2413; x_wconf 90' lang='lat' dir='ltr'>tis</span> <span class='ocrx_word' id='word_1_264' title='bbox 208 2361 448 2412; x_wconf 87' lang='lat' dir='ltr'>emendationibus</span> <span class='ocrx_word' id='word_1_265' title='bbox 467 2366 495 2412; x_wconf 90' lang='grc'>66</span> <span class='ocrx_word' id='word_1_266' title='bbox 514 2363 713 2428; x_wconf 87' lang='lat' dir='ltr'>supplementis</span> <span class='ocrx_word' id='word_1_267' title='bbox 733 2365 897 2429; x_wconf 88' lang='lat' dir='ltr'>conspicua,</span> <span class='ocrx_word' id='word_1_268' title='bbox 917 2367 944 2412; x_wconf 90' lang='lat' dir='ltr'>et</span> <span class='ocrx_word' id='word_1_269' title='bbox 967 2363 1000 2412; x_wconf 88' lang='lat' dir='ltr'>de</span> <span class='ocrx_word' id='word_1_270' title='bbox 1021 2359 1116 2412; x_wconf 91' lang='lat' dir='ltr'>codice</span> 
     </span>
     <span class='ocr_line' id='line_1_33' title="bbox 151 2429 1117 2496; baseline -0.002 -14"><span class='ocrx_word' id='word_1_271' title='bbox 151 2438 181 2482; x_wconf 89' lang='grc'>66</span> <span class='ocrx_word' id='word_1_272' title='bbox 204 2432 265 2495; x_wconf 89' lang='lat' dir='ltr'>ipsa</span> <span class='ocrx_word' id='word_1_273' title='bbox 289 2429 397 2494; x_wconf 83' lang='lat' dir='ltr'>sylloge</span> <span class='ocrx_word' id='word_1_274' title='bbox 415 2429 556 2479; x_wconf 85' lang='lat' dir='ltr'>Vaticana</span> <span class='ocrx_word' id='word_1_275' title='bbox 580 2431 693 2482; x_wconf 90' lang='lat' dir='ltr'>subtilis</span> <span class='ocrx_word' id='word_1_276' title='bbox 716 2433 885 2496; x_wconf 89' lang='lat' dir='ltr'>disquisitio,</span> <span class='ocrx_word' id='word_1_277' title='bbox 911 2431 989 2480; x_wconf 89' lang='lat' dir='ltr'>cuius</span> <span class='ocrx_word' id='word_1_278' title='bbox 1012 2431 1041 2479; x_wconf 90' lang='lat' dir='ltr'>in</span> <span class='ocrx_word' id='word_1_279' title='bbox 1062 2430 1117 2480; x_wconf 90' lang='lat' dir='ltr'>hac</span> 
     </span>
     <span class='ocr_line' id='line_1_34' title="bbox 151 2496 1116 2564; baseline -0.002 -16"><span class='ocrx_word' id='word_1_280' title='bbox 151 2499 326 2562; x_wconf 86' lang='lat' dir='ltr'>praefatione</span> <span class='ocrx_word' id='word_1_281' title='bbox 345 2499 400 2546; x_wconf 90' lang='lat' dir='ltr'>iam</span> <span class='ocrx_word' id='word_1_282' title='bbox 424 2496 572 2560; x_wconf 87' lang='lat' dir='ltr'>aliquoties</span> <span class='ocrx_word' id='word_1_283' title='bbox 594 2499 728 2550; x_wconf 89' lang='lat' dir='ltr'>rationem</span> <span class='ocrx_word' id='word_1_284' title='bbox 751 2500 905 2549; x_wconf 88' lang='lat' dir='ltr'>habuimus.</span> <span class='ocrx_word' id='word_1_285' title='bbox 941 2499 1039 2564; x_wconf 89' lang='lat' dir='ltr'>Itaque</span> <span class='ocrx_word' id='word_1_286' title='bbox 1062 2497 1116 2546; x_wconf 78' lang='lat' dir='ltr'>ha‘c</span> 
     </span>
     <span class='ocr_line' id='line_1_35' title="bbox 153 2565 1116 2630; baseline -0.002 -14"><span class='ocrx_word' id='word_1_287' title='bbox 153 2566 273 2616; x_wconf 90' lang='lat' dir='ltr'>editione</span> <span class='ocrx_word' id='word_1_288' title='bbox 293 2566 318 2614; x_wconf 90' lang='lat' dir='ltr'>si</span> <span class='ocrx_word' id='word_1_289' title='bbox 337 2567 370 2614; x_wconf 90' lang='lat' dir='ltr'>ab</span> <span class='ocrx_word' id='word_1_290' title='bbox 395 2565 475 2614; x_wconf 90' lang='lat' dir='ltr'>initio</span> <span class='ocrx_word' id='word_1_291' title='bbox 499 2567 540 2614; x_wconf 92' lang='lat' dir='ltr'>uti</span> <span class='ocrx_word' id='word_1_292' title='bbox 562 2565 700 2628; x_wconf 85' lang='lat' dir='ltr'>licuisset,</span> <span class='ocrx_word' id='word_1_293' title='bbox 725 2568 759 2617; x_wconf 93' lang='lat' dir='ltr'>ad</span> <span class='ocrx_word' id='word_1_294' title='bbox 784 2583 844 2617; x_wconf 89' lang='lat' dir='ltr'>eam</span> <span class='ocrx_word' id='word_1_295' title='bbox 866 2572 897 2616; x_wconf 93' lang='lat' dir='ltr'>ut</span> <span class='ocrx_word' id='word_1_296' title='bbox 919 2581 1025 2629; x_wconf 90' lang='lat' dir='ltr'>omnes,</span> <span class='ocrx_word' id='word_1_297' title='bbox 1046 2580 1116 2630; x_wconf 89' lang='lat' dir='ltr'>quae</span> 
     </span>
     <span class='ocr_line' id='line_1_36' title="bbox 152 2631 1115 2697; baseline -0.004 -13"><span class='ocrx_word' id='word_1_298' title='bbox 152 2634 285 2697; x_wconf 87' lang='lat' dir='ltr'>deinceps</span> <span class='ocrx_word' id='word_1_299' title='bbox 303 2631 521 2696; x_wconf 88' lang='lat' dir='ltr'>unquam&#39;fient,</span> <span class='ocrx_word' id='word_1_300' title='bbox 541 2635 625 2684; x_wconf 89' lang='lat' dir='ltr'>etiam</span> <span class='ocrx_word' id='word_1_301' title='bbox 648 2635 720 2685; x_wconf 89' lang='lat' dir='ltr'>hanc</span> <span class='ocrx_word' id='word_1_302' title='bbox 742 2651 831 2684; x_wconf 88' lang='lat' dir='ltr'>meam</span> <span class='ocrx_word' id='word_1_303' title='bbox 857 2634 1115 2684; x_wconf 89' lang='lat' dir='ltr'>accommodandam</span> 
     </span>
     <span class='ocr_line' id='line_1_37' title="bbox 152 2698 1116 2768; baseline -0.001 -18"><span class='ocrx_word' id='word_1_304' title='bbox 152 2701 247 2758; x_wconf 88' lang='lat' dir='ltr'>fuisse,</span> <span class='ocrx_word' id='word_1_305' title='bbox 267 2715 321 2750; x_wconf 90' lang='lat' dir='ltr'>non</span> <span class='ocrx_word' id='word_1_306' title='bbox 340 2703 383 2748; x_wconf 91' lang='lat' dir='ltr'>est</span> <span class='ocrx_word' id='word_1_307' title='bbox 402 2698 473 2764; x_wconf 87' lang='lat' dir='ltr'>quod</span> <span class='ocrx_word' id='word_1_308' title='bbox 492 2701 591 2751; x_wconf 56' lang='lat' dir='ltr'>dicam,</span> <span class='ocrx_word' id='word_1_309' title='bbox 626 2703 694 2753; x_wconf 90' lang='lat' dir='ltr'>Post</span> <span class='ocrx_word' id='word_1_310' title='bbox 712 2708 842 2768; x_wconf 86' lang='lat' dir='ltr'>accepta,</span> <span class='ocrx_word' id='word_1_311' title='bbox 864 2719 924 2752; x_wconf 91' lang='lat' dir='ltr'>cum</span> <span class='ocrx_word' id='word_1_312' title='bbox 942 2706 1030 2751; x_wconf 90' lang='lat' dir='ltr'>totum</span> <span class='ocrx_word' id='word_1_313' title='bbox 1049 2715 1116 2764; x_wconf 89' lang='lat' dir='ltr'>opus</span> 
     </span>
     <span class='ocr_line' id='line_1_38' title="bbox 151 2766 1116 2834; baseline -0.003 -16"><span class='ocrx_word' id='word_1_314' title='bbox 151 2769 185 2818; x_wconf 89' lang='lat' dir='ltr'>de</span> <span class='ocrx_word' id='word_1_315' title='bbox 204 2769 313 2831; x_wconf 88' lang='lat' dir='ltr'>integro</span> <span class='ocrx_word' id='word_1_316' title='bbox 333 2766 490 2832; x_wconf 90' lang='lat' dir='ltr'>occipiendi</span> <span class='ocrx_word' id='word_1_317' title='bbox 503 2770 588 2818; x_wconf 91' lang='lat' dir='ltr'>otium</span> <span class='ocrx_word' id='word_1_318' title='bbox 601 2785 654 2819; x_wconf 92' lang='lat' dir='ltr'>non</span> <span class='ocrx_word' id='word_1_319' title='bbox 671 2771 820 2834; x_wconf 82' lang='lat' dir='ltr'>sufficeret,</span> <span class='ocrx_word' id='word_1_320' title='bbox 840 2774 933 2818; x_wconf 90' lang='lat' dir='ltr'>tamen</span> <span class='ocrx_word' id='word_1_321' title='bbox 945 2767 1116 2818; x_wconf 87' lang='lat' dir='ltr'>retractandi</span> 
     </span>
     <span class='ocr_line' id='line_1_39' title="bbox 152 2835 1117 2902; baseline -0.004 -14"><span class='ocrx_word' id='word_1_322' title='bbox 152 2839 211 2888; x_wconf 89' lang='lat' dir='ltr'>eius</span> <span class='ocrx_word' id='word_1_323' title='bbox 231 2835 428 2886; x_wconf 85' lang='lat' dir='ltr'>necessitatem</span> <span class='ocrx_word' id='word_1_324' title='bbox 445 2835 513 2884; x_wconf 89' lang='lat' dir='ltr'>mihi</span> <span class='ocrx_word' id='word_1_325' title='bbox 531 2838 675 2902; x_wconf 89' lang='lat' dir='ltr'>imposuit:</span> <span class='ocrx_word' id='word_1_326' title='bbox 700 2840 729 2888; x_wconf 92' lang='lat' dir='ltr'>in</span> <span class='ocrx_word' id='word_1_327' title='bbox 748 2853 799 2902; x_wconf 89' lang='lat' dir='ltr'>quo</span> <span class='ocrx_word' id='word_1_328' title='bbox 820 2841 951 2900; x_wconf 85' lang='lat' dir='ltr'>quantum</span> <span class='ocrx_word' id='word_1_329' title='bbox 970 2835 1036 2884; x_wconf 88' lang='lat' dir='ltr'>mihi</span> <span class='ocrx_word' id='word_1_330' title='bbox 1054 2850 1117 2898; x_wconf 91' lang='lat' dir='ltr'>pro·</span> 
     </span>
     <span class='ocr_line' id='line_1_40' title="bbox 150 2903 1116 2969; baseline -0.005 -15"><span class='ocrx_word' id='word_1_331' title='bbox 150 2906 238 2954; x_wconf 83' lang='lat' dir='ltr'>fuerit</span> <span class='ocrx_word' id='word_1_332' title='bbox 261 2905 318 2952; x_wconf 91' lang='lat' dir='ltr'>iam</span> <span class='ocrx_word' id='word_1_333' title='bbox 341 2903 435 2952; x_wconf 85' lang='lat' dir='ltr'>datum</span> <span class='ocrx_word' id='word_1_334' title='bbox 461 2908 566 2956; x_wconf 90' lang='lat' dir='ltr'>certum</span> <span class='ocrx_word' id='word_1_335' title='bbox 589 2905 797 2969; x_wconf 78' lang='lat' dir='ltr'>fundamentum</span> <span class='ocrx_word' id='word_1_336' title='bbox 821 2909 849 2954; x_wconf 92' lang='lat' dir='ltr'>et</span> <span class='ocrx_word' id='word_1_337' title='bbox 871 2904 958 2967; x_wconf 90' lang='lat' dir='ltr'>ipsius</span> <span class='ocrx_word' id='word_1_338' title='bbox 982 2903 1116 2950; x_wconf 88' lang='lat' dir='ltr'>Momseni</span> 
     </span>
     <span class='ocr_line' id='line_1_41' title="bbox 151 2964 1116 3037; baseline -0.005 -15"><span class='ocrx_word' id='word_1_339' title='bbox 151 2973 185 3023; x_wconf 91' lang='lat' dir='ltr'>de</span> <span class='ocrx_word' id='word_1_340' title='bbox 205 2973 294 3022; x_wconf 91' lang='lat' dir='ltr'>dubiis</span> <span class='ocrx_word' id='word_1_341' title='bbox 313 2971 381 3020; x_wconf 90' lang='lat' dir='ltr'>locis</span> <span class='ocrx_word' id='word_1_342' title='bbox 399 2964 540 3035; x_wconf 78' lang='lat' dir='ltr'>iudicium,</span> <span class='ocrx_word' id='word_1_343' title='bbox 561 2987 729 3037; x_wconf 88' lang='lat' dir='ltr'>quanquam,</span> <span class='ocrx_word' id='word_1_344' title='bbox 748 2977 780 3021; x_wconf 92' lang='lat' dir='ltr'>nt</span> <span class='ocrx_word' id='word_1_345' title='bbox 798 2971 837 3034; x_wconf 92' lang='lat' dir='ltr'>fit,</span> <span class='ocrx_word' id='word_1_346' title='bbox 857 2986 913 3020; x_wconf 91' lang='lat' dir='ltr'>non</span> <span class='ocrx_word' id='word_1_347' title='bbox 929 2971 1031 3034; x_wconf 89' lang='lat' dir='ltr'>ubique</span> <span class='ocrx_word' id='word_1_348' title='bbox 1051 2985 1116 3019; x_wconf 93' lang='lat' dir='ltr'>con·</span> 
     </span>
     <span class='ocr_line' id='line_1_42' title="bbox 150 3036 1116 3102; baseline -0.006 -11"><span class='ocrx_word' id='word_1_349' title='bbox 150 3043 322 3102; x_wconf 88' lang='lat' dir='ltr'>venerimus,</span> <span class='ocrx_word' id='word_1_350' title='bbox 348 3043 375 3088; x_wconf 89' lang='lat' dir='ltr'>et</span> <span class='ocrx_word' id='word_1_351' title='bbox 402 3041 462 3102; x_wconf 89' lang='lat' dir='ltr'>ipse</span> <span class='ocrx_word' id='word_1_352' title='bbox 487 3040 546 3090; x_wconf 70' lang='lat' dir='ltr'>scio,</span> <span class='ocrx_word' id='word_1_353' title='bbox 568 3057 620 3091; x_wconf 91' lang='lat' dir='ltr'>nec</span> <span class='ocrx_word' id='word_1_354' title='bbox 642 3041 774 3092; x_wconf 88' lang='lat' dir='ltr'>lectorem</span> <span class='ocrx_word' id='word_1_355' title='bbox 802 3039 910 3090; x_wconf 88' lang='lat' dir='ltr'>latebit.</span> <span class='ocrx_word' id='word_1_356' title='bbox 951 3038 992 3088; x_wconf 84' lang='lat' dir='ltr'>Ab</span> <span class='ocrx_word' id='word_1_357' title='bbox 1021 3036 1116 3086; x_wconf 86' lang='lat' dir='ltr'>eodem</span> 
     </span>
     <span class='ocr_line' id='line_1_43' title="bbox 151 3103 1116 3173; baseline -0.006 -16"><span class='ocrx_word' id='word_1_358' title='bbox 151 3124 217 3158; x_wconf 86' lang='lat' dir='ltr'>vero</span> <span class='ocrx_word' id='word_1_359' title='bbox 242 3109 448 3158; x_wconf 84' lang='lat' dir='ltr'>excusationem</span> <span class='ocrx_word' id='word_1_360' title='bbox 471 3123 513 3156; x_wconf 90' lang='grc'><strong>1116</strong></span> <span class='ocrx_word' id='word_1_361' title='bbox 536 3109 695 3158; x_wconf 91' lang='lat' dir='ltr'>habitururn</span> <span class='ocrx_word' id='word_1_362' title='bbox 719 3123 815 3173; x_wconf 90' lang='lat' dir='ltr'>spero,</span> <span class='ocrx_word' id='word_1_363' title='bbox 839 3107 862 3156; x_wconf 88' lang='lat' dir='ltr'>si</span> <span class='ocrx_word' id='word_1_364' title='bbox 887 3103 1116 3170; x_wconf 87' lang='lat' dir='ltr'>aequabilitatem</span> 
     </span>
     <span class='ocr_line' id='line_1_44' title="bbox 151 3171 1115 3240; baseline -0.006 -16"><span class='ocrx_word' id='word_1_365' title='bbox 151 3191 241 3225; x_wconf 87' lang='lat' dir='ltr'>rerum</span> <span class='ocrx_word' id='word_1_366' title='bbox 259 3174 447 3225; x_wconf 75' lang='lat' dir='ltr'>notandarum.</span> <span class='ocrx_word' id='word_1_367' title='bbox 461 3175 491 3222; x_wconf 93' lang='lat' dir='ltr'>in</span> <span class='ocrx_word' id='word_1_368' title='bbox 509 3191 590 3240; x_wconf 86' lang='lat' dir='ltr'>opere</span> <span class='ocrx_word' id='word_1_369' title='bbox 610 3178 689 3240; x_wconf 90' lang='lat' dir='ltr'>quasi</span> <span class='ocrx_word' id='word_1_370' title='bbox 707 3177 749 3228; x_wconf 89' lang='lat' dir='ltr'>bis</span> <span class='ocrx_word' id='word_1_371' title='bbox 768 3179 897 3240; x_wconf 90' lang='lat' dir='ltr'>suscepto</span> <span class='ocrx_word' id='word_1_372' title='bbox 917 3172 1052 3222; x_wconf 87' lang='lat' dir='ltr'>interdum</span> <span class='ocrx_word' id='word_1_373' title='bbox 1070 3171 1115 3219; x_wconf 88' lang='lat' dir='ltr'>de-</span> 
     </span>
     <span class='ocr_line' id='line_1_45' title="bbox 152 3241 1115 3308; baseline -0.008 -16"><span class='ocrx_word' id='word_1_374' title='bbox 152 3243 326 3292; x_wconf 88' lang='lat' dir='ltr'>sideraverit.</span> <span class='ocrx_word' id='word_1_375' title='bbox 361 3241 489 3304; x_wconf 86' lang='lat' dir='ltr'>Denique</span> <span class='ocrx_word' id='word_1_376' title='bbox 508 3243 541 3292; x_wconf 86' lang='lat' dir='ltr'>de</span> <span class='ocrx_word' id='word_1_377' title='bbox 564 3245 666 3308; x_wconf 84' lang='lat' dir='ltr'>signis,</span> <span class='ocrx_word' id='word_1_378' title='bbox 691 3244 840 3308; x_wconf 85' lang='lat' dir='ltr'>quibusin</span> <span class='ocrx_word' id='word_1_379' title='bbox 863 3242 934 3290; x_wconf 89' lang='lat' dir='ltr'>notis</span> <span class='ocrx_word' id='word_1_380' title='bbox 958 3253 1024 3289; x_wconf 87' lang='grc'><strong>66116</strong></span> <span class='ocrx_word' id='word_1_381' title='bbox 1047 3252 1115 3297; x_wconf 92' lang='lat' dir='ltr'>snm,</span> 
     </span>
     <span class='ocr_line' id='line_1_46' title="bbox 151 3305 1115 3374; baseline -0.007 -16"><span class='ocrx_word' id='word_1_382' title='bbox 151 3323 260 3368; x_wconf 91' lang='lat' dir='ltr'>moneo,</span> <span class='ocrx_word' id='word_1_383' title='bbox 285 3311 316 3360; x_wconf 89' lang='lat' dir='ltr'>V.</span> <span class='ocrx_word' id='word_1_384' title='bbox 335 3307 482 3374; x_wconf 79' lang='lat' dir='ltr'>designare</span> <span class='ocrx_word' id='word_1_385' title='bbox 501 3310 625 3360; x_wconf 91' lang='lat' dir='ltr'>codicem</span> <span class='ocrx_word' id='word_1_386' title='bbox 643 3313 823 3370; x_wconf 86' lang='lat' dir='ltr'>Vaticanum,</span> <span class='ocrx_word' id='word_1_387' title='bbox 851 3309 910 3357; x_wconf 82' lang='lat' dir='ltr'>Vnt.</span> <span class='ocrx_word' id='word_1_388' title='bbox 931 3305 1047 3362; x_wconf 88' lang='lat' dir='ltr'>eundem</span> <span class='ocrx_word' id='word_1_389' title='bbox 1071 3319 1115 3352; x_wconf 92' lang='lat' dir='ltr'>co-</span> 
     </span>
     <span class='ocr_line' id='line_1_47' title="bbox 150 3371 1116 3442; baseline -0.007 -17"><span class='ocrx_word' id='word_1_390' title='bbox 150 3377 239 3426; x_wconf 89' lang='lat' dir='ltr'>dicem</span> <span class='ocrx_word' id='word_1_391' title='bbox 257 3375 360 3426; x_wconf 88' lang='lat' dir='ltr'>aMaio</span> <span class='ocrx_word' id='word_1_392' title='bbox 378 3383 406 3426; x_wconf 87' lang='lat' dir='ltr'>et</span> <span class='ocrx_word' id='word_1_393' title='bbox 418 3378 526 3427; x_wconf 90' lang='lat' dir='ltr'>Blumio</span> <span class='ocrx_word' id='word_1_394' title='bbox 544 3378 699 3442; x_wconf 87' lang='lat' dir='ltr'>inspectum</span> <span class='ocrx_word' id='word_1_395' title='bbox 717 3383 744 3427; x_wconf 89' lang='lat' dir='ltr'>et</span> <span class='ocrx_word' id='word_1_396' title='bbox 756 3376 882 3438; x_wconf 88' lang='lat' dir='ltr'>relatum,</span> <span class='ocrx_word' id='word_1_397' title='bbox 900 3373 946 3423; x_wconf 73' lang='lat' dir='ltr'>Vd.</span> <span class='ocrx_word' id='word_1_398' title='bbox 958 3371 1116 3422; x_wconf 85' lang='lat' dir='ltr'>Deilefseni</span> 
     </span>
     <span class='ocr_line' id='line_1_48' title="bbox 152 3445 352 3510; baseline -0.02 -16"><span class='ocrx_word' id='word_1_399' title='bbox 152 3445 352 3510; x_wconf 81' lang='lat' dir='ltr'>apographum.</span> 
     </span>
    </p>
   </div>
   <div class='ocr_carea' id='block_1_5' title="bbox 0 0 1314 3960">
    <p class='ocr_par' dir='ltr' id='par_1_5' title="bbox 0 0 1314 3960">
     <span class='ocr_line' id='line_1_49' title="bbox 0 0 1314 3960; baseline 0 0"><span class='ocrx_word' id='word_1_400' title='bbox 0 0 1314 3960; x_wconf 95' lang='lat' dir='ltr'> </span> 
     </span>
    </p>
   </div>
  </div>
 </body>
</html>
