2634 3960
352 159 415 194 uos.
434 159 470 194 nr
488 130 555 200 nou.
574 113 805 199 nccvulconuan.
825 150 860 201 vt.
883 151 905 198 1.
925 151 949 200 2.
1087 152 1139 201 eet

167 302 287 359 molliter
303 300 387 374 ’pube
398 294 410 334 ⁹
435 311 587 364 tenuatum,
603 305 754 378 conuicium
771 304 884 360 saeculis
902 304 945 360 uel
961 305 1135 360 conditorum

166 390 309 460 inrogare,
331 385 375 440 uel
390 387 556 460 principum,
575 386 677 444 Orienti
699 388 854 444 'karissime
870 406 899 444 ac
909 383 1136 445 iucundissime10
1186 447 1189 456 Δ

169 471 258 527 nobis.
310 467 339 530 2.
357 467 509 525 'Laudanda
529 473 615 545 igitur
640 474 805 546 experientia
828 481 874 528 tua
901 489 1009 536 omnes,
1038 473 1136 546 quibus

171 556 322 629 flagitiosus
349 553 427 609 luins
456 563 498 610 est
529 556 607 611 uirile
632 573 732 630 corpus
760 557 927 613 muliebriter
956 559 1136 613 constitutum

167 641 250 696 alieni
266 655 349 710 sexus
363 639 487 701 damnare
503 642 645 712 patientia,
662 641 784 714 nihilque
800 641 944 698 discretum
961 641 1060 696 habere
1075 659 1135 696 cum
1172 655 1175 662 ·

169 725 275 779 lerninis
293 718 461 796 occupatos,l
475 731 505 779 ut
521 724 615 798 flagitii
630 727 718 800 poscit
733 726 874 781 inmanitas
886 735 967 800 atque
984 721 1138 798 ’(οιίἰιινη),2

167 807 294 864 omnibus
316 808 437 870 eductos,
453 808 537 882 pudet
550 810 649 872 dicere,
666 811 787 866 uirorum
798 809 979 883 lupanaribus,
996 819 1137 884 spectante

167 892 271 966 populo
293 891 405 949 flammis
427 893 578 954 uindieihus
597 893 729 967 expiabit:
758 903 788 950 ut
814 896 934 950 uniuersi
965 894 1136 968 intellegant,

166 985 369 1032 sacrosanctum
400 979 503 1032 cunctis
530 994 591 1033 esse
612 977 710 1034 debere
736 979 884 1052 hospitium
911 979 996 1034 uirilis
1024 982 1136 1042 animae,

167 1071 220 1116 nec
235 1062 292 1118 sine
310 1077 414 1115 summo
430 1061 562 1134 supplicio
578 1063 695 1116 alienum
717 1065 852 1134 expetisse
867 1079 977 1124 serum,
992 1065 1041 1136 qui
1056 1076 1137 1119 suunt

168 1147 287 1216 turpiter
301 1143 473 1218 perdidisset
517 1145 597 1218 Prop.
625 1146 712 1218 pridie
733 1146 770 1200 ld.
795 1147 873 1200 llaias
895 1145 994 1202 Romae
1015 1149 1042 1202 in
1065 1150 1133 1203 atrio

14 1275 15 1278 ,
72 1287 74 1292 ,
167 1221 335 1286 Mineruac.³

424 1310 527 1372 Explicit
545 1311 624 1359 titulus
644 1311 673 1358 de
692 1294 876 1374 slupratoribuS.

156 1427 167 1453 t

596 1509 706 1544 Irtcn’rr

386 1598 460 1672 (rin.
477 1599 531 1673 vr.)
567 1617 609 1656 nn
625 1616 768 1659 rnonsms
783 1617 922 1662 nunnus.

233 1734 296 1806 liap.
324 1735 344 1790 1.
379 1735 512 1808 Moyses
540 1732 672 1792 dicit:¹·
702 1735 725 1792 1.
759 1735 918 1809 Quicunque
958 1735 1136 1792 concubuerit

165 1835 229 1872 curn
258 1819 371 1874 muliere
392 1835 476 1875 unere
498 1823 582 1894 patris
608 1822 664 1882 sui,
694 1820 820 1893 pudenda
844 1823 928 1893 patris
956 1822 998 1874 sui
1024 1820 1134 1882 deterit,

167 1909 256 1956 morte
283 1904 446 1958 moriantur:
469 1903 546 1959 ambe
567 1906 605 1960 rei
627 1913 699 1960 sunt.
747 1900 774 1960 2.
802 1903 835 1958 Et
856 1905 1136 1991 quicunquepconcu-

169 1983 259 2038 buerit
274 2001 334 2040 cum
351 2003 422 2040 nuru
437 2004 492 2048 sua,
509 1997 597 2043 morte
612 1990 776 2044 moriautur:
797 1987 874 2042 ambo
891 1989 930 2042 rei
946 1995 1018 2042 sunt.

232 2067 297 2141 liap.
326 2069 356 2123 ll.
403 2069 568 2143 Ulpianus
601 2071 692 2126 libro
724 2072 924 2144 regularum
959 2072 1135 2143 singulari

167 2151 229 2207 sub
259 2152 364 2207 titulo
393 2151 431 2208 de
460 2147 624 2226 nuptiis²
669 2154 693 2211 1.
724 2155 798 2210 luter
826 2163 950 2227 parentes
981 2164 1009 2210 et
1034 2154 1135 2209 liberos

168 2229 348 2310 '(inpieite)‚³
378 2239 563 2310 cuiuscunque
586 2238 685 2310 gradus
716 2240 791 2300 sint,'
820 2237 980 2296 conubium¹
996 2256 1051 2294 uon
1082 2247 1132 2294 est.

166 2318 196 2378 2.
218 2321 293 2376 Inter
313 2329 445 2395 cognatos
465 2331 554 2378 autem
576 2337 608 2377 en
635 2329 791 2378 transuerso
815 2322 902 2396 gradu
932 2323 996 2378 olim
1027 2323 1135 2396 quidem

167 2407 301 2478 usquead
318 2414 443 2483 quartum
459 2406 573 2480 gradum
589 2408 757 2463 matrimonia
779 2408 902 2463 contrabi
923 2425 978 2463 nou
993 2416 1133 2482 poteraut:

165 2619 189 2682 ⁹)
208 2619 254 2670 Ee
266 2621 473 2684 I.Gotlrosr.cj.
501 2622 684 2686 plebeB.edd.
713 2625 779 2686 plero
795 2623 835 2672 Vi.
858 2625 990 2686 pleueVe.
1042 2619 1074 2686 1⁰)
1089 2621 1134 2672 Eae

166 2689 215 2746 B„
240 2691 355 2754 quitum
376 2689 417 2738 bie
439 2705 512 2754 quom
533 2692 559 2738 in
581 2692 664 2740 indice
687 2692 797 2753 capitum
820 2706 869 2740 non
894 2705 952 2751 agne
975 2691 1063 2747 babet,
1088 2692 1136 2739 sed

164 2758 244 2819 acino,
262 2759 434 2820 praecedente
452 2759 468 2806 k
486 2759 513 2806 in
530 2758 625 2822 kapitie
643 2760 841 2822 deripeationem
858 2761 961 2806 mutato.
999 2757 1077 2806 Recte
1095 2759 1133 2805 in·

164 2829 324 2888 terpretatec
347 2832 386 2874 est
410 2825 555 2874 Momsenaas
578 2827 617 2876 ed.
642 2826 678 2890 fr.
708 2826 792 2876 Vatic.
813 2842 841 2888 p.
860 2833 905 2874 378.
951 2823 992 2874 Bt.
1017 2825 1074 2873 ert:
1097 2827 1134 2873 uir

164 2895 300 2947 carissime.
389 2890 408 2956 ¹)
433 2893 502 2943 Eud.
526 2901 586 2942 ante
610 2901 739 2958 occupatos
762 2909 856 2942 comma
877 2899 987 2955 ponant,
1011 2892 1084 2956 quasi
1106 2892 1135 2940 id

163 2962 321 3024 siyeifiearet
343 2977 359 3008 a
377 2977 450 3010 manu
468 2962 572 3011 militari
593 2969 691 3025 captos.
728 2961 782 3010 Sed
798 2961 845 3009 boc
868 2961 894 3008 ie
919 2961 1005 3024 quouis
1027 2960 1135 3023 cupitut'

165 3030 268 3078 erimine
285 3031 388 3092 culpare
408 3045 458 3078 noe
474 3031 559 3092 poscit
573 3031 667 3094 llapitit'
684 3030 832 3078 immunitas.
868 3028 905 3076 Ar
922 3033 1023 3090 spectat
1041 3029 1134 3076 consti·

167 3095 228 3142 tutio
247 3111 303 3152 eoa,
324 3098 409 3160 quiin
427 3097 588 3160 bocflcpitio
612 3099 731 3160 occupati
751 3101 822 3154 sunt,
846 3103 873 3144 ut
893 3097 980 3158 potum
1003 3101 1133 3160 quaestum

165 3161 224 3208 inde
240 3162 349 3220 facient.
420 3161 440 3226 2)
461 3165 519 3213 Hoc
537 3164 567 3213 ob
586 3165 771 3214 sirnititedinem
789 3165 919 3228 sequentis
936 3164 1005 3212 occis
1023 3163 1130 3210 excidit.

167 3225 187 3290 ³)
207 3243 238 3343 (Z
250 3238 296 3277 teo,
336 3231 375 3278 De
397 3231 584 3294 subscriptione
606 3235 632 3280 in
655 3231 698 3279 tu.
719 3231 746 3283 C.
770 3233 872 3280 diuersa
894 3231 944 3280 eid.
967 3229 993 3277 Ι.
1015 3228 1132 3291 Gotbofr.

164 3301 191 3342 et
238 3299 320 3349 cenet.

162 3429 183 3492 f
234 3360 255 3425 1)
273 3363 357 3479 Leo}
375 3373 406 3421 tt,
427 3374 459 3416 11.
479 3374 511 3415 12.
569 3364 591 3428 ²)
610 3365 659 3414 Est
679 3363 736 3429 Uip.
755 3366 791 3425 fr.
810 3375 829 3422 5,
848 3372 868 3412 6.
888 3373 908 3412 7.
970 3361 992 3426 ³)
1014 3361 1058 3410 Ex
1071 3361 1132 3426 Uip.

179 3447 202 3484 r.
220 3433 306 3494 suppl.
352 3433 368 3482 l.
