2634 3960
314 908 442 950 Iucunnl
464 907 632 954 Aveuonls‚
656 908 815 951 Fonrnssu
837 910 966 952 variam

258 1027 322 1084 Dll
357 1024 611 1086 GRADIBVS
647 1013 1019 1088 OOGNATIONVM

564 1149 714 1218 expositio.

223 1309 265 1358 Ex
288 1307 430 1360 codicibus
452 1325 531 1370 mas,
563 1311 609 1376 qui
632 1311 765 1360 Notitiam
789 1310 954 1376 dignitatum
977 1313 1121 1375 utriusque

155 1377 264 1441 imperii
282 1377 437 1439 continent,
456 1379 574 1428 maxime
594 1379 756 1427 Victoriano
775 1377 938 1428 Monacensi
960 1379 1013 1428 hoc
1039 1383 1123 1441 capnt

155 1445 257 1508 primns
281 1443 366 1494 edidit
388 1444 576 1510 Boeckingius
606 1446 634 1494 in
658 1461 773 1510 corpore
803 1446 870 1495 iuris
894 1445 1121 1496 anteiuetinianei
1167 1463 1169 1467 ’

155 1511 296 1562 Bonnensi
314 1526 343 1575 p.
362 1513 418 1563 173.
437 1513 562 1576 idemque
581 1512 701 1562 lectione
722 1512 825 1562 codicis
838 1513 958 1564 Pariaini
976 1512 1072 1562 addita
1092 1517 1120 1562 et

155 1583 302 1644 praeterea
329 1581 424 1642 paucis
451 1581 565 1629 mutatis
592 1581 724 1644 repetivit
751 1581 779 1628 in
809 1585 906 1644 quarta
929 1580 994 1645 lllp.
1018 1581 1117 1646 fragm.

156 1646 222 1696 edit.
242 1647 319 1710 Lips.
339 1647 413 1698 1855.
431 1663 456 1711 p.
475 1648 532 1698 183.
568 1649 610 1696 Ex
627 1647 819 1698 iurisconsulti
838 1648 980 1698 cuiusdam
998 1650 1120 1712 optimae

152 1719 237 1767 notae
256 1715 376 1763 fortasse
395 1715 602 1764 Institutionum
621 1715 666 1766 vel
677 1715 848 1780 Regularum
867 1715 945 1766 libris
964 1713 993 1764 id
1012 1716 1119 1766 desum·

154 1785 230 1846 ptum
254 1797 328 1842 esse,
358 1781 484 1832 dubitare
513 1798 567 1832 non
594 1782 670 1832 lieet.
709 1784 761 1832 Est
788 1785 860 1832 enim
887 1781 959 1832 haec
987 1783 1120 1847 graduum

156 1850 295 1898 enarratio
314 1864 374 1898 meo
393 1849 503 1913 quidem
520 1849 622 1900 indicio
642 1851 770 1912 omnium,
792 1865 862 1914 quae
882 1853 999 1911 exstant,
1019 1851 1048 1898 in
1066 1849 1119 1898 hac

156 1916 293 1965 brevitate
308 1916 529 1982 elegantissima,
551 1922 579 1968 et
593 1933 654 1967 cum
667 1917 747 1966 simul
762 1917 887 1968 Gaianae
907 1915 972 1977 illi,¹
992 1931 1073 1980 quam
1086 1933 1120 1968 ex

156 1982 203 2034 lib.
223 1983 248 2031 8.
272 1983 308 2030 ad
332 1983 449 2032 edictum
477 1986 650 2048 provinciale
678 1986 803 2035 novimus
830 1986 859 2034 in
882 1985 914 2036 L.
935 1987 957 2036 1.
977 1987 1000 2034 3.
1026 1984 1060 2036 D.
1086 1983 1120 2033 de

157 2047 233 2114 grad.
254 2055 281 2097 et
300 2049 511 2114 adfin.(38,10),
531 2053 671 2104 simillima
690 2058 851 2117 tantumque
870 2053 906 2101 nit
920 2052 1067 2114 concisior,
1086 2051 1119 2100 de

156 2116 279 2180 Ulpiani,
300 2117 345 2187 qui
363 2117 402 2164 ita
417 2117 513 2168 Gaium
533 2121 611 2184 sequi
629 2121 729 2185 soleat,
747 2120 915 2184 Regularum
934 2117 1005 2169 libro
1025 2119 1120 2182 singu·

156 2183 208 2232 lari
228 2183 351 2247 cogitare
370 2183 445 2233 licet.
482 2187 573 2247 Quare
593 2203 693 2252 operae
712 2188 830 2254 pretium
848 2188 909 2249 fuit,
931 2201 989 2236 eam
1010 2201 1026 2234 a
1044 2201 1118 2234 men·

156 2253 207 2312 dis,
229 2250 327 2314 quibus
346 2248 435 2299 adhuc
453 2251 609 2317 laborabat,
628 2260 773 2321 purgatam
792 2255 838 2304 hic
856 2255 969 2304 referre.
989 2251 1117 2302 Animad-

136 2339 138 2342 ·
155 2319 227 2368 verti
246 2317 355 2382 quidem
374 2320 489 2367 stemma
508 2323 711 2385 cognationum,
732 2323 802 2386 quod
820 2322 890 2371 Lud.
905 2319 1066 2370 Charondae
1085 2335 1119 2368 ex

156 2385 251 2435 codice
270 2384 477 2434 Institutionum
496 2387 665 2452 Dionysiano
688 2391 844 2454 publicavit
863 2389 907 2451 (de
927 2403 978 2452 quo
997 2387 1051 2438 vid.
1072 2402 1119 2435 no·

156 2457 213 2501 tarn
232 2456 356 2502 nostram
376 2449 389 2477 *
409 2451 444 2500 ad
462 2453 540 2505 Paul.
558 2456 587 2516 4,
608 2456 663 2518 11),
686 2459 725 2506 ita
748 2458 831 2523 plane
854 2457 890 2506 ad
912 2455 993 2504 huius
1018 2469 1120 2519 cogna-
1179 2485 1181 2490 ,

157 2520 258 2568 tionum
278 2519 474 2583 descriptionis
492 2523 658 2572 sententiam
677 2523 798 2574 effictum
818 2539 893 2585 esse,
913 2528 943 2572 ut
960 2523 989 2572 id
1013 2537 1120 2586 quoque
1193 2573 1195 2579 ,

159 2587 193 2635 ab
213 2586 308 2636 codem
327 2590 441 2636 auctore
459 2587 613 2650 profectum
634 2605 693 2638 esse
710 2593 847 2642 videatur.
879 2591 946 2640 Cum
964 2605 1029 2640 vero
1048 2590 1119 2638 banc

76 2671 78 2677 ·
156 2655 245 2716 ipsam
263 2653 297 2704 ob
317 2668 430 2702 causam
449 2654 518 2702 nihil
537 2655 602 2704 novi
624 2661 747 2719 praestet
770 2664 798 2708 ot
821 2659 950 2709 mendose
974 2660 1049 2722 typis
1072 2672 1118 2707 ex-

157 2721 289 2784 scriptum
309 2735 370 2770 esse
391 2720 526 2805 videatur,
547 2722 725 2771 omittendum
743 2726 771 2774 id
790 2726 862 2776 duxi.

225 2889 245 2954 ¹)
266 2890 352 2940 Miror
368 2889 525 2954 Boeelrinpio
549 2892 651 2939 similene
671 2893 821 2942 viennense
840 2897 990 2945 Paullinnne
1014 2896 1121 2958 eorpori-

157 2959 220 3006 tioni
241 2961 265 3006 in
283 2957 423 3007 Sententiis
446 2965 472 3006 et
489 2959 520 3006 L.
541 2967 572 3005 10.
601 2958 630 3006 D.
650 2959 681 3006 de
702 2961 777 3022 preci.
796 2957 845 3022 (38,
865 2963 909 3025 10).
947 2963 981 3013 Ut
1002 2963 1049 3012 lroo
1071 2978 1120 3012 eno

157 3023 290 3140 desirata,
311 3025 389 3074 Gaiae
407 3031 433 3074 et
449 3025 489 3072 irie
507 3027 619 3073 incertus
630 3027 743 3088 scriptor
753 3031 896 3089 penernienr
913 3031 1120 3080 consobrinorum

157 3105 224 3151 eppe
251 3093 352 3142 'tionem
374 3100 401 3140 nt
418 3095 545 3156 culparem
567 3097 593 3141 ei
616 3093 694 3140 reinna
715 3095 848 3157 propriam
870 3103 964 3148 tantaene
987 3114 1037 3148 non
1059 3099 1119 3148 reii-

158 3157 238 3209 ciunn·
256 3159 360 3208 Paulina
379 3174 432 3208 earn
449 3161 563 3224 sequitur
581 3166 607 3209 et
624 3167 718 3208 tanturn
731 3162 852 3224 quosdam
869 3167 985 3228 propriis
1003 3165 1120 3229 appelln-

159 3221 264 3272 tionidas
281 3229 418 3286 patrueles,
437 3228 559 3285 amitinae,
579 3227 744 3278 consobrinos
762 3229 912 3281 distineiese
930 3233 1022 3294 refert.

539 3381 737 3388 -—-—.-..-

193 3571 314 3606 llilllfll’lt.
329 3571 423 3607 annul.
438 3573 499 3608 nnn.
517 3575 562 3612 El),
576 3577 608 3610 11.
