2648 3974
181 134 234 186 296
472 97 546 185 ⁴esu
565 148 669 184 rnsrrr.
688 135 726 184 lv.
746 134 855 188 95-99.

178 307 246 350 evm
269 289 424 365 stipulatio,
452 291 515 364 qnia
542 291 570 346 in
597 290 687 346 looum
707 289 845 363 praedium
872 291 1017 354 suecessit,
1038 284 1151 365 ’qui¹³²

78 435 79 438 ,
181 377 254 439 olim,
271 391 333 432 oum
346 375 409 448 lege
424 374 568 450 agebatur,
585 391 635 448 pro
651 374 699 430 lite
715 382 742 430 et
758 374 891 437 uindiciis,
908 371 935 429 id
951 382 993 430 est
1007 391 1059 448 pro
1075 391 1105 431 re
1120 384 1152 434 et

180 459 327 522 fructibus,
350 475 365 514 a
384 475 546 533 possessore
566 461 678 533 petitori
698 451 860 515 dabantur.³
903 453 951 514 95.
976 457 1107 516 Ceterum
1122 463 1147 516 si

181 547 254 619 apati
266 545 451 601 centumuiros
467 544 570 618 agitur,
592 559 722 600 summam
738 544 892 617 sponsionis
908 559 963 599 non
979 560 1028 616 per
1043 544 1149 600 lormu·

179 629 232 686 lam
247 630 378 704 petimus,
399 627 447 684 sed
461 645 512 702 per
526 628 595 702 legis
611 629 758 692 notionem,
781 635 950 684 sacramento
972 627 1148 704 'poloponn-

180 718 221 771 rio
241 730 289 770 reo
313 705 498 789 prouocato;⁴
520 729 604 786 eaque
626 713 736 786 sponsio
757 713 948 774 sestertiorum
970 728 1050 770 exxv
1071 709 1157 770 num?

112 807 288 858 223.morum
309 795 353 860 fit,
375 797 486 854 seilicet
507 789 511 874 (
534 805 648 871 propter
668 796 757 870 legem
775 827 812 838 -
834 827 868 838 -
889 790 958 852 -.⁵
1007 793 1056 855 eb.
1087 797 1149 872 lpse

181 887 284 945 autem,
314 883 359 956 qui
379 883 408 938 in
427 897 485 938 rem
506 883 574 956 agit,
601 882 624 937 si
645 898 695 938 suo
717 883 825 938 nomine
841 883 911 956 agit,
938 883 1002 937 satis
1019 899 1074 938 non
1090 882 1146 939 dat.

180 961 227 1024 97.
252 967 289 1022 Ao
309 983 359 1022 neo
379 967 466 1040 siper
481 968 652 1040 cognitorem
669 965 778 1039 qnidam
793 973 907 1039 agatur,
930 966 984 1022 ulla
1004 966 1149 1023 satisdatio

180 1050 226 1108 uel
252 1050 283 1107 ab
309 1052 368 1125 ipso
394 1051 474 1108 uela
495 1051 605 1108 domino
627 1049 809 1106 desideratur:
840 1066 900 1106 eum
922 1051 992 1108 enim
1018 1053 1099 1108 sertis
1120 1057 1150 1106 et

181 1137 257 1212 quasi
278 1134 454 1192 sollemnibus
475 1135 566 1192 uerbis
585 1137 613 1192 in
634 1135 724 1192 loonm
740 1135 841 1193 domini
856 1134 1037 1192 substituatur
1052 1136 1168 1210 rogus·

181 1229 239 1284 tor,
266 1220 491 1276 merito·domini
514 1220 577 1277 loeo
598 1219 721 1276 beheim.
773 1215 822 1277 98.
851 1218 1015 1277 Procurator
1036 1235 1102 1276 uero
1123 1221 1148 1274 si

170 1295 257 1378 agat,
280 1304 409 1361 satisdare
430 1304 540 1363 iubetur
558 1312 642 1360 ratam
658 1319 714 1358 rom
732 1303 870 1360 dominum
885 1302 1050 1360 habiturum:
1075 1305 1148 1378 peri·>

181 1389 272 1446 culum
288 1392 362 1446 enim
378 1396 435 1450 est,
457 1405 492 1444 ne
506 1390 605 1445 iterum
620 1388 745 1444 dominns
767 1387 802 1444 de
822 1389 913 1444 eadem
934 1405 964 1444 re
980 1390 1145 1462 experimen

182 1473 256 1546 quod
281 1472 431 1546 perieulum
458 1471 536 1544 (non)
556 1473 717 1535 interuenit,
743 1475 777 1529 sl⁴
791 1491 841 1546 per
866 1475 1037 1547 cognitorem
1058 1482 1147 1532 aetum

181 1555 247 1620 luit,
264 1557 326 1629 quie
341 1556 374 1611 de
390 1573 442 1628 qua
457 1573 487 1612 re
502 1559 617 1631 quisque
632 1573 681 1631 per
696 1558 865 1632 cognitorem
882 1559 978 1632 egerit,
995 1559 1029 1614 de
1044 1574 1076 1614 ea
1090 1575 1147 1616 non

182 1642 265 1712 magis
287 1639 401 1714 amplius
422 1641 554 1698 actionem
575 1641 655 1698 habet
670 1643 787 1716 quamsi
802 1644 861 1716 ipse
876 1643 973 1716 egerit.
1018 1639 1069 1702 99.
1094 1643 1149 1698 Tn-
1248 1636 1252 1642 ’

180 1752 383 1770 Μ

180 1819 207 1884 8.
220 1829 263 1873 94·
297 1819 339 1886 ¹⁸²)
352 1821 398 1872 Ila
409 1819 501 1874 Scbed.
520 1824 577 1888 quio
589 1823 629 1874 ed.
640 1823 692 1888 Bp.
712 1823 767 1874 Sed
777 1829 837 1874 tune
848 1838 905 1874 esse
917 1823 1035 1874 deberet:
1048 1832 1071 1874 et
1082 1827 1146 1889 quia.

181 1889 257 1938 Nono
269 1892 357 1940 ‘nam'
370 1891 410 1940 ed.
422 1889 473 1956 Bp.
487 1901 507 1941 5.
546 1889 568 1957 8)
581 1893 679 1956 praedes
692 1893 765 1941 addit
778 1891 805 1944 0.
820 1893 860 1942 ecl.
873 1891 924 1956 Bp.
964 1889 985 1956 4)
999 1892 1034 1940 ln
1046 1891 1075 1944 0.
1087 1899 1148 1956 post

180 1965 329 2008 sacramento
340 1959 441 2009 ratione
454 1961 529 2010 etiam
540 1958 626 2012 babila
638 1959 744 2012 Goeseb.
754 1958 846 2010 Sebed.
856 1959 941 2022 faisse
953 1961 1053 2010 videtur
1065 1961 1145 2010 Darios

180 2031 306 2088 repuoeata
320 2023 381 2090 (pro
393 2042 434 2076 reo
445 2025 586 2094 prouocato)
600 2028 669 2094 qnod
679 2032 838 2092 interpretor
850 2027 1004 2092 quingenario
1019 2024 1064 2092 (of.
1077 2037 1097 2086 4,
1113 2027 1147 2090 15)

180 2107 221 2142 reo
235 2100 372 2156 prouocato.
394 2094 483 2159 Neque
495 2096 560 2144 enim
570 2101 676 2159 potarat
689 2095 766 2146 Gaius
778 2096 935 2147 sacrementi
944 2109 1060 2144 summum
1073 2095 1148 2158 omit·

181 2167 248 2218 tere,
262 2175 316 2210 oum
327 2163 472 2225 sponsionis
488 2163 606 2226 definiret
610 2181 621 2220 ;
637 2164 673 2212 ad
683 2165 848 2213 centumviros
860 2177 920 2212 aero
933 2162 1052 2217 derebus
1063 2164 1145 2211 moio-

180 2227 251 2278 ribus
264 2235 358 2278 lanium
370 2237 451 2278 enimn
463 2245 519 2280 esse
535 2237 636 2280 constat
653 2237 678 2280 ot
693 2231 813 2280 Valerius
825 2229 926 2280 Probus
943 2236 1037 2280 taniam
1052 2244 1150 2292 saran-¹

179 2302 286 2346 mentum
298 2298 487 2362 quingenariam
499 2299 576 2348 nonii.
594 2299 636 2348 sed
648 2313 690 2364 per
703 2299 761 2359 legis
773 2299 905 2354 actionem3
919 2303 1066 2350 sacramanto
1079 2297 1143 2346 euim

180 2378 246 2412 reum
258 2379 414 2426 prouocemus
427 2366 484 2415 edd.
497 2371 523 2416 ei
534 2380 589 2415 meo
597 2367 682 2429 prior,
696 2369 722 2415 in
735 2381 784 2431 qna
795 2381 845 2430 pro
855 2381 921 2414 reum
933 2367 967 2428 ej.
982 2378 1145 2429 possessorem

180 2431 247 2480 notis
258 2433 387 2495 seriptum.
424 2429 444 2494 5)
458 2431 537 2495 Lepas
549 2448 637 2482 nomen
649 2439 689 2482 est
700 2435 830 2497 incertum.
860 2433 968 2484 Videtur
982 2432 1145 2498 Crepereiam

180 2497 253 2547 aliis:
265 2499 393 2562 Papiriam.
423 2497 478 2548 Sed
493 2506 518 2548 et
530 2499 557 2548 nt
569 2506 595 2549 ei
606 2501 699 2550 scilicet
716 2508 742 2550 et
753 2509 849 2567 propter
864 2506 1007 2564 suspectum
1023 2507 1073 2560 est,
1092 2515 1147 2550 oum

180 2581 301 2630 nusquam
318 2568 384 2615 alios
399 2573 511 2629 propter
527 2568 605 2632 iopen
623 2569 721 2634 aliquid
732 2570 794 2631 fieri
811 2568 889 2620 omo
906 2570 984 2622 dieat.
1016 2579 1059 2619 aas.
1073 2583 1147 2618 cxxv

180 2634 281 2685 nummis
297 2635 378 2685 finitur
390 2631 455 2696 p(er)
469 2635 574 2686 conieci.
594 2634 633 2698 Cf.
648 2643 667 2694 1,
681 2643 726 2688 139.
739 2645 759 2695 3,
774 2645 805 2690 13.
826 2636 884 2700 Uip.
898 2643 930 2694 16,
945 2645 963 2690 1,

180 2829 225 2870 too.
251 2819 303 2870 Cio.
318 2835 369 2883 pro
387 2815 471 2878 Quint.
489 2827 509 2884 3.
590 2817 618 2886 ξ.
636 2821 678 2871 eo.
706 2821 748 2884 Of.
765 2820 793 2886 s.
811 2830 845 2872 31.
873 2822 995 2885 perlegis
1016 2823 1146 2880 astionem]

179 2888 266 2937 Antea
278 2888 353 2936 etiam
370 2887 429 2950 ipsa
444 2887 575 2938 beneditus
591 2904 640 2952 per
657 2890 720 2954 lepis
736 2891 860 2940 actionem
875 2889 1060 2940 vindicabatur.
1092 2887 1145 2940 Cio.

184 2953 262 3004 Vera.
274 2963 292 3012 1,
302 2963 338 3004 45.
356 2954 387 3003 de
399 2961 466 3004 orat.
478 2963 496 3014 1,
508 2963 532 3004 33
540 2957 586 3019 fin.
600 2958 669 3022 quod
678 2962 769 3021 postea
781 2956 914 3012 aboliturus
926 2971 1006 3022 neque
1018 2957 1082 3006 enim
1094 2957 1147 3006 uin-

179 3023 261 3072 dicios
272 3021 422 3072 hereditatis
435 3023 487 3072 diei
494 3025 606 3087 placuit,
624 3027 695 3074 cuins
707 3028 797 3075 nnllam
813 3026 964 3075 retinendae
974 3024 1147 3090 possessionis

178 3089 339 3140 interdictum
351 3096 417 3140 eret
437 3089 477 3153 Of.
494 3089 581 3140 Voler.
595 3092 674 3145 Proh.
685 3101 706 3142 4.
768 3089 794 3160 ξ.
808 3094 851 3145 97.
871 3091 912 3156 Of.
927 3091 953 3156 S.
967 3101 999 3144 99,
1019 3091 1066 3140 Fr.
1083 3089 1145 3140 Vei.

178 3165 225 3208 an.
306 3153 332 3226 §-
344 3158 386 3208 93.
405 3157 446 3222 Of.
456 3173 499 3226 pr.
513 3158 538 3208 Ι.
551 3159 576 3209 n.
590 3167 609 3210 1.
632 3161 666 3210 L.
680 3157 755 3224 aas.
769 3170 789 3211 1.
813 3161 845 3214 L.
859 3169 892 3210 ee.
907 3157 934 3223 s.
949 3168 967 3211 1.
979 3160 1013 3209 D.
1027 3162 1059 3210 aa
1069 3173 1145 3223 pror.

179 3221 210 3288 (3,
224 3222 255 3287 9).
278 3223 324 3278 Fr.
343 3224 402 3276 Vnt.
415 3233 460 3276 333.
486 3226 596 3279 Oonsnlt.
613 3235 634 3277 3.
657 3228 692 3282 L.
704 3237 738 3281 31.
756 3227 785 3293 S.
797 3236 817 3277 3.
834 3229 869 3280 D.
887 3233 970 3278 rotam
982 3243 1035 3277 rem
1048 3223 1097 3290 (41,
1111 3224 1145 3288 3).

178 3293 256 3345 L.11.
271 3291 297 3356 8.
312 3303 331 3342 1.
345 3294 380 3344 D.
394 3293 496 3343 deesse
510 3296 612 3345 reiind.
628 3292 717 3358 (441).
797 3293 823 3362 ξ
837 3298 879 3346 99.
898 3294 940 3358 Cf.
955 3311 999 3360 pr.
1018 3293 1043 3344 1.
1058 3296 1091 3344 de
1102 3308 1146 3343 sa·
1302 3339 1304 3366 a

178 3361 237 3410 iisd.
251 3359 282 3422 (4,
296 3360 331 3425 11)
344 3377 397 3410 rnna
413 3357 524 3426 Tbeopb.
548 3363 621 3412 uerba
634 3364 717 3425 edicti]
732 3363 763 3414 L.
777 3370 811 3417 93.
825 3361 852 3426 S.
865 3365 932 3413 soit.
957 3363 1094 3420 remittitur]
1108 3361 1145 3424 es.
1302 3369 1304 3428 l

176 3427 210 3478 h.
223 3428 304 3480 131).
318 3430 350 3479 de
362 3429 455 3479 admin.
467 3436 495 3478 el
503 3445 563 3494 per.
577 3427 620 3493 (33,
633 3427 666 3492 t).
685 3430 719 3483 L.
732 3429 876 3480 13031111.
890 3429 919 3492 (3,
932 3427 980 3495 31).
1302 3439 1304 3454 ’
