2614 3960
342 193 445 232 nuncu.
464 196 520 234 ivn.
540 195 605 232 nou.
623 195 716 232 uxrio.
736 182 845 232 92-94.
1027 183 1076 232 653

94 405 95 408 Ἴ
175 333 225 394 92.
246 331 369 393 ¹⁶⁵Idem
376 336 422 393 lib.
439 337 492 392 1111.
510 336 543 392 de
554 337 713 399 interdictis,
721 336 771 391 suh
787 337 868 392 titulo
887 331 1186 410 ‘dqnousus·„,.¹1²,’1sf’{„;
1273 349 1274 352 ’

106 423 219 478 fructus
235 428 353 496 petetur,
370 423 392 476 si
408 438 464 491 rem
488 421 557 477 nolit
572 420 740 476 defendere!
776 419 852 476 Sicut
877 438 992 495 corporo
1012 417 1179 477 uin-mm*

109 507 224 570 dicanti,
239 508 277 562 itu
292 513 319 562 et
334 507 391 568 ius,
408 505 531 564 sotisdori
553 513 675 580 oportet;
699 513 726 560 et
747 504 807 561 ideo
829 507 980 562 necessario
1002 505 1076 578 ’(od)

109 584 287 663 exemplnm⁶
313 589 451 646 interdicti
474 607 559 654 ovum
584 606 711 648 uvnnvn
726 583 925 663 ’proponitur⁷
942 592 1021 646 etiem
1037 592 1076 646 'ei

23 697 35 707 ·
110 667 307 730 interdictum8
325 669 411 738 ovim
424 689 655 734 vsvnrnvcrvu
670 690 843 732 vtnn1onnn
864 690 959 732 venir
980 670 1014 731 de
1035 692 1076 731 re-

111 759 253 818 stitneudo
269 759 422 814 usufructu.
793 823 796 828 ¹
880 817 882 820 ,

177 838 226 900 93.
251 843 317 898 Post
332 859 416 916 peuce
431 841 481 899 sub
498 843 579 900 titulo
591 845 784 917 suprascripto.
809 843 960 902 Restitutus
977 861 1009 902 ex
1025 845 1076 900 hoo

110 928 260 984 interdicto
277 926 458 983 ususfructus
473 927 652 1001 intellegitur,
669 945 729 984 oum
744 930 887 1002 petitorio
904 929 1016 993 fundum
1033 929 1077 986 ad-

112 1014 213 1068 missus
229 1013 287 1070 sine
302 1010 424 1086 periculo
440 1012 577 1068 interdicti
592 1023 675 1070 unns
691 1029 723 1069 vr
745 1013 777 1068 ed
799 1029 856 1068 eam
871 1030 928 1070 rern
943 1015 1078 1088 propositi

115 1096 216 1170 depelli
232 1113 287 1152 non
303 1103 404 1169 potest.
442 1095 514 1152 idem
529 1095 626 1151 Pedius
643 1090 723 1160 ἐῶ,9
739 1096 872 1153 diuersum
895 1115 1000 1154 causam
1017 1115 1077 1154 esse

112 1181 305 1254 possessionis,
329 1197 390 1250 eum
405 1181 459 1242 iile,
477 1180 522 1253 qui
537 1173 693 1257 possesisor
708 1188 758 1250 esi,
772 1181 845 1237 'nisi
858 1201 876 1237 o
892 1201 949 1239 nou
964 1198 1077 1254 posses·

113 1281 181 1321 sore
196 1269 283 1322 deiici
296 1282 353 1322 uon
368 1269 472 1336 possit,
496 1269 546 1338 qui
565 1281 636 1338 uero
657 1265 846 1337 ususfructus
861 1271 973 1324 nomine
994 1283 1077 1339 quusi

114 1352 271 1422 possideat,
290 1353 375 1406 etium
388 1369 405 1405 u
418 1364 601 1422 possessore,
619 1353 770 1422 quominus
781 1351 915 1423 fructur,
928 1354 1079 1423 prohiberi

113 1439 214 1506 possit.
227 1428 264 1468 ¹⁷⁰

433 1515 540 1573 [Desunt
555 1515 667 1578 popinae
685 1517 763 1573 θρῖα]

494 1683 697 1694 ..ι-η

359 1872 400 1912 ΒΕ
423 1874 462 1912 Ru
486 1873 602 1915 VXORIA
624 1873 664 1915 Ac
685 1873 831 1914 Dorfflvs.

178 1968 227 2027 94.
262 1966 488 2030 ¹...Paullus
508 1977 555 2030 iio.
587 1976 651 2032 VII.
674 1977 899 2047 Responsorum.
940 1971 1078 2031 ‘Fundus
1094 1965 1161 2044 ssffig

116 2060 284 2112 oestimuius
298 2059 327 2111 iu
339 2057 431 2112 dotem
442 2059 527 2114 dutus
539 2077 557 2114 a
570 2062 713 2116 creditore
725 2061 914 2115 antecedente
921 2073 960 2114 ex
967 2075 1058 2114 cause
1072 2052 1076 2134 Ι
1091 2051 1111 2085 L·
1129 2051 1165 2086 ΥΠ·

118 2139 229 2195 fiduciae
245 2139 349 2195 ablutus
366 2148 419 2202 est;
437 2158 551 2214 quaero,
575 2160 607 2198 un
623 2143 726 2205 mulier,
743 2145 766 2198 si
782 2144 995 2199 aestimationem
1007 2137 1190 2198 dedomo-[tei
1293 2137 1300 2150 ’“

119 2231 239 2297 repetat,
262 2226 421 2298 exceptione
442 2224 627 2303 submonendo
646 2227 701 2281 sit?
727 2229 762 2282 ait
778 2229 862 2288 enim,
886 2243 915 2282 se
936 2221 1080 2300 propterca

119 2325 174 2365 non
190 2309 285 2372 teneri,
299 2309 372 2382 qnod
388 2315 464 2381 peter
480 2311 536 2365 eins
553 2310 645 2366 dotem
660 2325 710 2384 pro
726 2327 755 2366 sc
772 2311 854 2374 dedit,
871 2313 914 2366 cui
930 2312 1008 2366 heres
1025 2329 1079 2367 non

118 2385 298 2449 'extiterit.'²
324 2392 433 2457 Paullus
449 2393 599 2467 respondit,
617 2394 681 2467 ’pro
693 2394 802 2468 praedio
814 2389 924 2450 euicto³
940 2399 999 2452 sine
1015 2395 1078 2451 dolo

119 2485 146 2532 et
167 2476 246 2550 oulpe
267 2479 317 2532 uiri
338 2478 456 2552 pretium
477 2481 581 2551 petenti
602 2477 657 2533 doli
674 2479 734 2534 moli
761 2481 945 2553 exceptionem
968 2479 1076 2544 obesse;

121 2577 187 2632 quoe
203 2569 292 2618 temen
309 2562 399 2618 officio
414 2563 509 2619 iudicis
525 2565 564 2618 roi
581 2565 690 2619 uxoriae
705 2567 869 2620 continetur.
902 2564 1006 2621 Poterit
1022 2582 1078 2620 mu·

119 2645 177 2700 lieri
188 2645 324 2719 'prodesse
340 2647 400 2710 hoo,
418 2647 490 2719 quod
506 2649 551 2717 uit,
568 2664 598 2704 se
608 2650 677 2721 patri
693 2649 819 2705 heredem
833 2666 889 2705 non
906 2651 1039 2710 extitisse,
1056 2651 1079 2704 si

4 2861 7 2908 i
97 2905 98 2908 ,
117 2863 142 2910 io
157 2863 189 2913 L.
203 2871 223 2911 ³.
243 2859 269 2924 3.
287 2871 319 2911 13.
338 2864 393 2924 cit,
412 2861 454 2911 ubi
470 2862 609 2912 Iustiniani
624 2865 764 2926 prudentes
783 2865 906 2928 quaedam
923 2865 1077 2922 reciderunt,

115 2945 163 2992 pro
181 2930 266 2980 ‘Unde
284 2933 324 2978 ui’
342 2931 460 2994 corripos
479 2931 564 2980 ‘Unde
582 2933 609 2980 ui
630 2933 717 2981 utiie’.
806 2929 848 2994 165)
873 2931 912 2994 Gfi
934 2931 991 2995 Uip.
1011 2931 1078 2984 Insi.

115 2997 152 3059 fr.
174 2998 250 3046 Vind.
271 2996 288 3045 I
293 2999 325 3049 V.
344 2999 377 3047 L.
395 3013 436 3047 uu.
456 2997 483 3050 C.
504 3000 541 3046 uti
554 3013 625 3062 poss.
646 2999 677 3060 (8,
696 2998 728 3061 o).
748 2998 779 3048 L.
798 3007 831 3048 80.
852 3000 884 3047 D.
905 3001 937 3049 de
955 3000 995 3048 rei
1010 3001 1078 3052 vind.

120 3061 199 3128 (6,1).
225 3066 257 3114 l..
276 3075 309 3113 45.
329 3066 361 3115 D.
381 3066 412 3115 de
431 3067 521 3116 domno
538 3066 585 3129 inf.
605 3063 649 3128 (stt,
668 3066 700 3129 2).
787 3064 808 3129 Β)
826 3067 866 3116 De
885 3065 1027 3116 Schraderi
1043 3069 1078 3130 rj.

119 3132 157 3178 ed.
175 3131 267 3181 Moms.
291 3135 421 3196 exemplum
438 3135 498 3182 Vei.
524 3135 629 3197 exemplo
641 3135 681 3186 ed.
694 3133 787 3184 Heliou.
856 3134 877 3198 ⁷)
897 3137 996 3198 proponi
1016 3133 1080 3198 (pro

118 3197 243 3261 proponit)
261 3200 321 3248 Vni.
340 3202 399 3250 edd.
419 3201 511 3253 Hotlw.
532 3200 625 3253 Morus.
693 3201 715 3264 8)
734 3203 780 3252 Ere
802 3200 852 3251 Vd.
871 3205 910 3251 ed.
926 3203 1017 3254 Morus.
1042 3204 1079 3250 in·

119 3265 238 3314 terdictum
257 3273 358 3317 ceterae
381 3269 439 3317 edd.
549 3267 571 3332 ⁹)
594 3270 624 3318 eii
648 3271 707 3318 Vnt.
743 3271 816 3320 Idem
834 3271 954 3320 Praedius.
979 3271 1013 3318 Ati
1038 3271 1079 3320 ed.

118 3332 205 3382 Moris.
276 3331 317 3394 170)
336 3335 453 3384 Restitui.

183 3397 202 3463 ¹)
222 3400 273 3448 Est
289 3402 322 3450 L.
340 3411 374 3452 49.
394 3401 422 3465 S.
443 3412 460 3454 1.
480 3403 513 3450 D.
531 3406 578 3454 soi.
597 3411 671 3456 metr.
691 3400 735 3466 (ut,
754 3403 786 3468 3).
868 3403 889 3468 2)
908 3404 967 3468 nep.
1006 3405 1079 3452 extitit

125 3468 180 3518 Var.
200 3470 257 3519 cdd.
328 3467 349 3531 ³)
373 3470 432 3520 Vat.
469 3473 566 3534 praedio
586 3473 662 3521 euicto
680 3473 737 3536 Dip.
757 3474 798 3523 ed.
816 3473 917 3523 Hoilw.
