2634 3974
450 175 525 210 1vu11
545 175 650 210 rivum
669 175 747 214 surr,
766 163 791 216 V.
811 163 852 215 il.
1081 164 1131 215 tot

161 317 233 374 irlica
254 323 280 371 et
300 309 440 389 priuste¹⁰
460 325 583 379 tenetur,
604 318 654 390 ,qui
674 334 754 390 quem
777 319 884 375 ermetis
900 319 1052 377 hominum
1068 336 1132 394 pos-

160 403 296 463 sessione,
313 401 404 465 domo,
420 402 485 458 uilla
499 418 601 476 agroue
614 400 748 464 deiecerit,
766 405 971 476 expuguauerit,
986 403 1131 469 obsederit,

164 479 353 549 'incluserit,¹
375 486 439 542 idue
457 494 485 542 ut
497 483 591 549 lieret,
609 486 731 545 homiues
747 487 975 552 commodauerit,
991 486 1131 553 locauerit,

161 569 339 633 conduxeris
368 573 449 644 quiue
471 571 580 630 'ooetu,
603 586 751 634 concursu,
773 571 865 636 turbo,
888 572 1021 629 seditione
1041 575 1133 632 ineen-

161 655 239 712 dium
255 648 384 718 fecerit;²
400 655 517 710 funerari
533 655 676 728 sepeliriue
692 655 809 729 aliquem
820 656 998 729 prohibuerit,
1015 658 1133 714 lunusue

165 731 346 813 'eripuerit,³
370 738 533 802 turbauerit;
559 748 587 795 et
614 740 659 812 qui
681 756 756 804 eum,
782 741 826 795 eui
847 757 915 814 equs
935 750 962 799 et
977 741 1035 815 igni
1049 743 1133 798 inter·

161 814 268 878 (lictum
284 831 340 886 est,
363 815 527 898 ⁴reosperit,
550 824 693 886 eelsuorit,
714 820 879 888 ’terruerit;⁵
903 827 984 898 quiue
1000 843 1060 882 eum
1078 827 1133 882 telo

164 909 193 963 iu
210 907 317 980 publioo
332 908 427 970 luerit,
450 908 562 981 templa,
585 917 677 981 portes
693 909 801 965 aliudue
817 909 881 981 quid
896 910 1033 983 publicum
1048 927 1132 966 arme-

165 993 201 1048 tis
218 991 362 1055 obsederit,
378 993 500 1056 eluxerit,
517 992 652 1057 clauserit,
668 995 851 1067 omupsuerit.
889 992 991 1061 Quibus
1008 994 1132 1052 omuibus

163 1078 312 1139 sonuistis,
333 1079 357 1132 si
378 1078 550 1133 honestiores
566 1079 634 1140 sint,
654 1080 734 1134 tertia
749 1095 810 1151 pars
825 1077 960 1135 honorum
977 1081 1092 1154 eripitur
1106 1088 1134 1136 et

165 1163 194 1216 iu
220 1161 335 1216 insulam
361 1161 530 1236 relegentur;
564 1162 721 1219 humiliores
746 1164 776 1217 in
800 1162 940 1218 metallum
962 1163 1132 1222 damnantur.

164 1242 196 1300 4.
221 1238 362 1306 6Creditur
382 1247 619 1321 ehirographerius
640 1249 663 1302 si
683 1248 741 1304 sine
761 1248 837 1302 iussu
858 1247 988 1321 praesidis
1008 1266 1058 1322 per
1079 1251 1133 1304 uim

166 1327 298 1385 debitoris
313 1333 355 1386 sui
369 1333 498 1405 pignora,
516 1349 577 1387 eum
592 1349 648 1388 non
663 1325 808 1388 'heberet⁷
825 1331 956 1406 obligato,
971 1335 1089 1407 ceperit,
1106 1336 1134 1389 in

168 1413 257 1488 legem
282 1414 374 1471 lulium
400 1416 433 1472 ‹le
457 1419 486 1472 ui
514 1417 617 1490 priuata
644 1419 799 1474 committit.
854 1416 988 1477 Fiduciam
1014 1435 1081 1474 uero
1107 1426 1135 1474 et

167 1499 283 1572 pignore
302 1501 372 1574 apud
392 1519 421 1556 se
441 1501 564 1576 deposita
585 1503 713 1577 persequi
734 1511 761 1558 et
779 1503 841 1558 siue
861 1504 1022 1558 auctoritate
1035 1503 1132 1560 iudicis

167 1583 305 1640 uindicare
320 1603 376 1642 non
390 1582 559 1659 prohibetur.

296 1738 359 1780 tur.
374 1739 472 1781 XXVII·
507 1739 550 1778 AD
565 1739 673 1782 LEGEM
684 1739 795 1780 IVLIAM
809 1738 999 1782 eumerus,

231 1819 256 1884 l.
286 1815 332 1878 ¹Si
352 1825 412 1895 quis
433 1823 550 1880 fiscalem
572 1825 711 1896 pecuniam
734 1827 933 1888 attrecteuerit,
960 1824 1134 1898 subripuerit,

168 1899 348 1967 instituerit?
369 1925 417 1962 seu
432 1909 459 1963 iu
475 1925 540 1964 suos
558 1925 622 1963 usus
638 1909 817 1970 conuerterit,
837 1910 864 1964 in
880 1908 1060 1981 quadruplum
1076 1911 1134 1968 eius

168 1989 312 2058 pecuniae,
329 2006 407 2061 quom
423 1993 547 2055 sustulit,
563 1992 768 2048 condemnetur.

169 2102 372 2112 ——q

171 2166 203 2233 ¹⁰)
223 2167 266 2218 Sia
283 2171 398 2235 plerique
419 2171 481 2220 Criti-
512 2173 603 2236 priuste
622 2173 678 2230 atii,
698 2174 756 2222 edd.
787 2171 842 2222 Sed
857 2175 920 2222 tttuat
940 2181 1037 2222 mutare
1060 2177 1135 2232 nolui,

170 2238 289 2302 quoniam
307 2239 382 2287 etiam
400 2254 435 2288 eae
449 2239 538 2288 Callai.
552 2248 572 2297 9,
586 2248 606 2287 t.
624 2241 759 2289 uerisimile
772 2247 817 2301 est,
834 2247 942 2304 praeter
954 2243 1032 2305 tepem
1044 2241 1136 2292 Iuliam

169 2307 202 2354 de
220 2306 246 2354 vi
259 2303 374 2369 publiea,
394 2323 458 2372 quae
476 2309 512 2359 ad
528 2309 718 2370 mapistratuum
729 2308 776 2357 ain
790 2307 946 2371 pertinebat,
963 2309 1047 2371 fuisse
1059 2313 1137 2372 tepent

169 2373 262 2422 Iuliam
280 2375 312 2423 de
330 2376 354 2424 ai
368 2375 473 2439 publica
495 2381 520 2423 et
541 2376 656 2438 priuata,
675 2391 740 2440 quae
763 2376 836 2437 infra
854 2374 880 2439 3.
894 2384 914 2425 t.
938 2382 964 2426 et
981 2377 1039 2443 nep.
1058 2385 1094 2440 48,
1113 2387 1135 2428 7.

172 2440 233 2490 Coa.
244 2449 265 2499 9,
275 2451 308 2490 ta.
318 2443 392 2492 etiam
404 2444 436 2492 de
445 2445 469 2491 vi
479 2443 583 2506 privata
595 2444 696 2501 dieitur,
706 2445 731 2490 in
741 2458 821 2508 eaque
834 2447 888 2507 lepe
901 2447 975 2497 talem
986 2446 1033 2494 viar
1044 2445 1137 2494 dietant

171 2522 235 2563 esse,
254 2524 319 2572 quae
337 2511 397 2559 lieet
412 2511 517 2574 priuata
534 2517 601 2562 esset
618 2527 653 2560 ea:
669 2527 783 2574 persona
801 2513 982 2576 delinquentis,
1000 2518 1083 2563 tamen
1100 2529 1136 2564 en

171 2576 308 2626 atrocitate
326 2579 400 2626 etiam
423 2580 459 2627 ad
478 2578 654 2642 rempublicam
676 2581 829 2642 pertineret.
863 2579 901 2628 Et
923 2581 970 2630 itoe
991 2583 1015 2640 si
1036 2583 1136 2639 stantis,

122 2661 124 2665 ’
169 2641 274 2704 facilius
286 2645 441 2709 inteliipitur,
455 2647 499 2710 qui
512 2646 609 2707 facturn
621 2647 661 2702 sit,
680 2653 708 2696 ut
716 2655 817 2711 postea,
836 2663 908 2713 quurn
925 2650 1004 2712 mapis
1020 2665 1056 2702 ere
1070 2650 1138 2712 faeti

168 2725 319 2778 poenaeque
335 2715 462 2777 pravitate
475 2715 606 2778 utriusque
622 2715 661 2763 ais
670 2729 767 2778 periero
780 2717 1005 2775 discernerentur,
1015 2719 1050 2766 ad
1063 2719 1136 2780 prio·
1180 2753 1182 2759 -

170 2792 224 2826 rein
243 2782 366 2844 quaedam
383 2784 461 2846 lepem
484 2781 660 2844 referrentur,
686 2797 750 2846 qaae
771 2785 880 2846 proprie
902 2788 1033 2846 posterior
1052 2800 1138 2848 poena

169 2855 304 2896 sonuerat.
329 2849 368 2898 De
381 2852 487 2900 aliorum
497 2851 630 2900 sententiis
642 2850 677 2913 ef.
691 2849 755 2900 Rein
767 2850 908 2900 Criminatr.
922 2852 947 2900 d.
958 2851 1052 2902 lirinier
1063 2869 1089 2914 p.
1101 2860 1138 2902 743

170 2928 224 2978 seq.
276 2913 297 2978 1)
316 2915 362 2966 Od.
375 2927 408 2967 21.
427 2918 459 2968 L.
474 2928 539 2982 spr.
551 2919 584 2966 D.
598 2918 640 2967 rit.
659 2919 757 2969 cluserit
768 2921 861 2982 reliqui
872 2917 937 2972 odd.
951 2920 1009 2972 edd.
1056 2919 1078 2984 2)
1092 2919 1138 2971 En

171 2982 230 3046 Dip.
254 2986 270 3034 t.
289 2999 311 3035 e.
347 2993 452 3047 coetum,
478 3001 632 3044 coneursum,
657 2987 761 3043 turbam,
788 2987 928 3036 seditionem
952 2989 968 3038 l.
992 2986 1055 3039 cad.
1077 2989 1136 3044 edd.

171 3045 193 3110 8)
212 3049 349 3115 Fortasse:
368 3053 502 3117 diripuerit.
533 3054 571 3117 Cf.
584 3055 642 3117 liip.
711 3051 731 3116 4)
752 3053 797 3118 Of..
812 3053 864 3105 on.
880 3071 931 3118 pro
951 3055 1022 3106 darno
1040 3066 1074 3109 tu.
1103 3058 1139 3110 od

172 3115 229 3164 An.
248 3125 271 3174 3,
290 3127 310 3168 4.
384 3118 406 3184 ⁵)
430 3121 520 3171 Malim
541 3123 636 3170 iuuerit.
666 3122 704 3184 Cf.
728 3121 780 3172 Oia.
802 3123 878 3172 Verr.
897 3132 919 3181 t,
938 3132 970 3172 47.
1050 3123 1071 3188 ⁸)
1098 3124 1136 3187 Cf.

172 3197 253 3244 supra
269 3194 289 3242 n,
309 3195 340 3236 u.
361 3185 424 3249 sa.
449 3189 482 3239 L.
501 3199 522 3238 ι.
540 3197 561 3238 s.
579 3190 611 3238 J).
632 3191 655 3242 7.
675 3197 693 3240 t.
713 3187 757 3254 (rs,
773 3186 806 3255 ι)
833 3191 1135 3253 L.s.0.t,t,(r,12).

173 3249 205 3298 L.
218 3258 238 3298 3.
259 3251 284 3303 0,
304 3255 335 3302 de
351 3254 527 3320 pipn.(8,1t).
554 3258 587 3306 L.
602 3265 633 3308 tt.
653 3257 682 3308 0.
702 3261 733 3308 de
749 3261 820 3322 pipp.
840 3264 891 3308 aet.
912 3259 942 3320 (t,
955 3261 999 3320 nt).
1028 3259 1090 3312 Noa.
1103 3267 1135 3308 60.

173 3331 195 3366 0·
215 3327 284 3382 lpr.
353 3319 374 3382 ⁷)
395 3324 439 3372 Sia
454 3331 551 3388 septem
571 3325 633 3375 oda.
661 3325 770 3376 hahuerit
787 3329 879 3383 ceteri,
898 3328 957 3378 edd.

246 3385 295 3436 Tit.
315 3387 439 3442 XXVII,
477 3389 503 3456 ¹),
516 3391 556 3454 Of.
576 3393 608 3441 L.
622 3401 642 3442 3.
663 3401 694 3444 rs.
711 3394 746 3444 D.
764 3396 800 3442 ad
817 3397 864 3458 tep.
883 3392 932 3442 lat.
949 3407 1008 3456 pec.
1028 3391 1072 3456 (ts,
1092 3389 1137 3458 ιι),

172 3449 193 3515 ²)
213 3453 268 3519 Eae.
286 3471 327 3520 pr.
345 3472 390 3506 aes
405 3474 456 3521 pro
475 3474 538 3510 auro
557 3462 583 3508 in
601 3475 665 3510 area
682 3461 809 3524 ponendo.
840 3460 927 3510 Matini
946 3467 1028 3511 tamen
1046 3469 1136 3514 mittut-
