2634 3960
360 208 476 242 nourrrr
495 207 612 243 rnrrnnr
630 207 734 244 ranan.
754 195 811 244 xvi.
832 195 871 247 1³,
890 197 913 246 2.
1072 197 1123 246 493

153 353 217 424 lege
232 349 311 422 Papia
332 348 422 405 finitos
445 365 530 404 annos
546 351 574 404 in
590 351 759 406 matrimonio
776 351 955 412 excesserint,
980 350 1065 405 idest
1081 353 1123 406 uir

155 453 197 492 nx
212 450 312 496 annos,
332 451 401 488 uxor
415 450 448 495 n:
471 435 535 489 item
556 436 579 488 si
601 435 711 506 cognati
726 435 840 492 intense
856 439 972 491 coierint
989 451 1075 508 usqne
1091 435 1124 490 ad

9 593 11 602 Ι
97 558 100 564 ·
154 510 455 592 6661663666166111ἰ
498 516 541 574 1³.
589 511 702 574 ⁷Lihera
722 519 793 574 inter
808 535 855 574 eos
872 521 1027 575 testamenti
1042 520 1123 576 tactio

156 613 212 664 est,
240 604 263 658 si
289 605 330 657 ins
357 600 505 658 liberorum
527 619 541 656 e
562 603 682 675 principe
707 604 917 676 inpetrauerint;-
944 603 1006 659 'ant
1032 606 1054 659 sl
1081 606 1124 658 nir

156 687 228 759 ¹(rei
237 689 376 758 publicae
392 678 513 756 causa)8
528 687 611 750 absit,
635 694 662 742 et
684 687 770 744 donee
790 687 866 743 abest
882 695 913 747 Ι61
928 690 999 744 intra
1015 693 1122 751 annum,

156 779 300 845 postquam
322 770 415 827 abesse
437 763 581 834 desierit;9
608 778 654 826 aut
674 772 697 826 si
718 771 802 828 filium
823 771 939 828 filiamue
954 789 1124 828 communem

157 855 285 919 habeant,
312 862 357 910 aut
380 855 595 927 quattuordecim
618 872 748 911 antrorum
776 854 861 912 tilium
887 857 931 911 uel
954 855 1034 913 filiam
1058 857 1125 912 duo·

157 942 248 996 decim
268 939 418 1001 amiserint;
447 938 491 994 nel
513 941 537 993 si
553 939 620 994 dnos
638 942 746 1004 trimos,
774 942 818 996 nel
835 949 890 996 tres
906 949 970 1014 post
985 946 1125 998 nominum

157 1025 228 1080 diem
249 1025 401 1086 amiserint,
431 1031 461 1078 ut
481 1024 551 1078 intra
571 1039 670 1080 annum
693 1033 781 1080 tamen
803 1034 830 1081 et
850 1043 898 1080 sex
919 1041 1025 1082 menses
1045 1028 1124 1081 etiam

158 1126 228 1167 nnus
250 1109 443 1180 cuiuscumque
463 1109 557 1162 aetatis
579 1107 693 1181 inpubes
715 1111 829 1166 amissus
850 1109 931 1166 solidi
946 1110 1068 1183 capiendi
1083 1111 1124 1164 ins

159 1201 293 1266 praestet.
340 1193 404 1247 item
427 1193 527 1264 sipost
543 1200 658 1250 mortem
674 1195 725 1249 uiri
739 1196 811 1249 intra
826 1195 918 1250 decem
934 1211 1041 1251 menses
1057 1211 1126 1249 uxor

160 1295 194 1333 er
209 1294 240 1333 eo
256 1278 411 1350 pepererit,
434 1276 551 1332 solidum
567 1293 599 1332 en
615 1277 692 1333 bonis
708 1280 765 1334 eins
782 1281 861 1352 capit.

223 1359 251 1418 2.
275 1360 426 1434 Aliquando
453 1360 520 1428 nihil
547 1363 620 1417 inter
644 1379 673 1418 se
700 1365 822 1436 capiunt:
849 1363 876 1418 id
903 1371 957 1425 est,
986 1363 1008 1418 si
1032 1371 1126 1418 eontra

144 1475 145 1478 ¹
159 1447 247 1520 legem
261 1445 354 1500 iollam
369 1444 530 1519 Papiamqne
545 1444 701 1519 Poppaeam
717 1449 901 1503 contraxerint
917 1448 1125 1507 matrimonium,

160 1530 347 1604 nerbigratia
370 1534 392 1588 si
417 1531 546 1587 famosam
573 1523 775 1606 ’16666666230
799 1549 910 1588 uxorem
931 1531 1052 1594 duxerit,
1080 1538 1126 1586 ant

159 1615 309 1671 libertinam
325 1624 445 1674 senator.

158 1795 203 1860 ²²⁵)
223 1798 271 1858 Qui
287 1799 328 1847 nic
344 1807 483 1863 sequuntur
501 1800 551 1848 duo
569 1799 701 1847 cersus'in
717 1799 778 1849 Vnt.
798 1806 823 1846 61
835 1801 894 1847 edd.
922 1807 961 1846 ant
973 1801 993 1847 si
1007 1801 1042 1847 nir
1056 1799 1125 1857 absit,

161 1873 183 1914 ct
200 1867 275 1914 donec
295 1867 361 1914 abest
379 1873 402 1914 ct
419 1869 479 1914 intra
498 1879 584 1914 annum
598 1873 720 1929 postquam
733 1866 816 1914 abesse
828 1867 934 1921 desierit,
952 1881 996 1914 eos
1006 1865 1126 1928 supitiuos

161 1949 217 1982 esse
236 1948 271 1980 66
289 1948 318 1981 66
337 1935 392 1984 1666
411 1931 437 1994 8.
455 1934 590 1996 sequentis,
612 1935 653 1981 cui
670 1948 714 1982 666
731 1934 885 1982 restituimus
904 1928 967 1996 (661,
986 1933 1056 1993 tin),
1077 1933 1126 1980 dua

163 2001 291 2052 evincunt;
313 2000 418 2060 primum
435 2002 558 2062 incipiens
576 2008 627 2057 aut,
648 2016 696 2063 quo
715 2015 764 2050 666
782 2000 834 2055 bic,
853 2006 880 2047 61
900 2015 954 2062 seq.
975 1997 1010 2062 §a
1028 2001 1128 2062 sinputa

162 2065 270 2114 membra
296 2066 495 2127 distinpnuntnr,
523 2068 615 2116 deinde
642 2068 711 2131 quod
736 2067 776 2116 bic
802 2082 876 2114 casus
899 2075 937 2115 est
959 2081 1008 2115 666
1031 2073 1128 2115 166166

164 2133 255 2182 ‘solidi
272 2134 423 2194 capacitatis
432 2137 448 2189 ',
470 2135 519 2182 sed
540 2133 635 2182 tiberne
658 2135 802 2182 testamenti
821 2134 951 2195 factionis.
988 2133 1053 2182 Num
1075 2149 1128 2182 cum

162 2203 206 2251 ilia
225 2203 407 2263 complectatur
424 2215 468 2250 eas
486 2215 586 2262 causas,
607 2216 671 2264 quae
688 2201 745 2262 fere
765 2207 842 2248 eastra
860 2203 1010 2250 6616616166
1025 2204 1127 2264 positae

162 2271 225 2327 sint,
247 2266 443 2330 baciltpianns
465 2274 567 2317 ceteras
589 2268 792 2330 comprehendit,
821 2283 886 2331 quae
908 2284 924 2316 6
947 2271 1073 2318 661661616
1093 2264 1127 2317 'ac

116 2393 118 2397 Α
162 2341 250 2386 merito
262 2335 421 2400 pendebant,
440 2341 467 2384 nt
484 2336 516 2383 iis
533 2336 563 2393 16,
583 2336 626 2400 qni
636 2337 743 2384 6111666
755 2336 872 2384 indiciam
885 2338 1049 2386 ordinaturus
1062 2343 1126 2392 erat,

163 2405 267 2454 liberant
292 2404 435 2453 testamenti
455 2403 594 2465 factionem
618 2405 816 2452 nancisceretur,
854 2401 962 2462 Quanam
980 2405 1128 2466 differentia

164 2487 297 2522 causarum
314 2472 439 2520 interdurn
462 2473 536 2520 611616
558 2471 584 2519 in
606 2471 820 2530 secernebatur,
841 2473 909 2536 quod
929 2474 1061 2536 inpriore
1084 2487 1127 2536 pe·

164 2540 225 2588 nere
250 2540 375 2602 capientis
402 2540 531 2599 condicio,
556 2545 584 2586 ut
604 2545 668 2602 puta
694 2540 798 2589 minaris
814 2553 866 2590 nr
886 2542 925 2589 661
945 2553 980 2589 11
997 2555 1127 2602 annorum,

165 2614 277 2669 tempore
295 2608 397 2656 delatae
414 2607 577 2664 hereditatis,
596 2609 622 2656 in
640 2609 722 2658 attero
745 2606 860 2668 defuncti
880 2609 993 2658 meritum
1015 2613 1130 2673 ternpore

121 2730 124 2734 ¹
163 2675 307 2723 1661666611
324 2676 420 2725 conditi
436 2675 617 2725 aestimabatur
636 2673 680 2738 (cs.
701 2675 814 2725 Momsen
832 2677 869 2726 ud
884 2675 1017 2740 Bpii'Ulp.
1027 2693 1056 2739 p.
1071 2675 1128 2737 108).

164 2741 237 2804 Erpa
255 2743 281 2790 in
299 2749 388 2798 nostra
405 2745 499 2807 specie,
518 2745 542 2792 61
558 2744 597 2791 vir
614 2749 748 2807 antequam
765 2746 831 2808 reip.
850 2759 929 2792 cansa
944 2759 1056 2806 perepre
1067 2740 1129 2806 pro·

161 2811 245 2873 fectus
264 2817 321 2859 erat
338 2825 385 2860 nec
402 2814 502 2862 ratione
521 2813 574 2860 eins
590 2812 759 2874 profectionis
776 2818 948 2862 testamentum
964 2812 1073 2871 fecerat,
1091 2812 1131 2858 cel

163 2878 195 2927 ab
219 2893 302 2928 66666
324 2878 399 2928 iteres
420 2881 548 2928 institutus
570 2887 640 2936 erat,
663 2894 713 2928 666
735 2880 887 2942 proficiebat
909 2879 1037 2933 alterutri,
1063 2879 1131 2942 qnod

164 2945 294 2995 absentiae
313 2953 425 3010 tempore
444 2951 567 2996 alteruter
585 2948 730 2996 decederet.
767 2945 846 2996 Secns
865 2949 892 2996 in
909 2946 1041 2994 contraria
1059 2961 1129 2996 6666.

164 3013 185 3076 ⁷)
209 3014 268 3062 Item
290 3018 394 3078 supplet
414 3016 564 3078 permiranda
592 3016 745 3064 antecedens
770 3011 890 3078 (desierlit
911 3013 1055 3078 8611111166..ο
1084 3029 1130 3078 epo

165 3081 246 3128 rnaiirn
258 3083 331 3142 Magis
345 3079 402 3146 (mg,
422 3085 490 3146 qnod
506 3083 537 3132 ob
556 3083 614 3132 clim
632 3083 785 3132 antecedens
803 3085 900 3144 gradum
916 3082 995 3144 facite
1007 3083 1130 3132 excidere

163 3145 268 3211 potuit).
354 3148 375 3211 8)
395 3150 471 3199 116616
489 3151 553 3199 baec
572 3151 701 3199 excidisse
720 3146 762 3210 (ob
780 3157 865 3201 66166
878 3149 966 3214 ῆῐῐ)
986 3151 1132 3198 iudicarunt

166 3215 190 3262 d.
212 3211 327 3277 Gotbofr.
347 3224 372 3265 et
389 3219 442 3274 atii,
460 3219 521 3268 ticet
536 3219 569 3268 L.
588 3225 682 3267 35-38.
699 3217 732 3266 Ι).
753 3218 875 3283 quib-en
892 3211 961 3266 cans.
979 3219 1036 3266 mai.
1058 3215 1088 3277 (4,
1107 3212 1129 3279 a)

167 3281 218 3332 alio
241 3286 421 3343 spectaverint.
455 3285 494 3348 Of.
517 3286 642 3336 Hetnecc.
667 3286 703 3334 ad
724 3285 757 3334 L.
776 3287 843 3350 Pap.
862 3287 947 3350 Popp.
966 3293 991 3341 2,
1010 3293 1042 3334 15.
1063 3281 1091 3345 8.
1111 3292 1130 3330 o.

167 3349 188 3412 υ)
208 3347 284 3397 Haec
300 3350 324 3397 li.
337 3352 353 3402 t.
373 3352 403 3402 ab
417 3343 636 3417 ὁμοιοτέλευτον
650 3355 820 3416 inpetrauerint
833 3379 864 3387 —
878 3353 983 3413 desierit,
1002 3350 1130 3400 eccidisse

166 3417 299 3466 ridentum·
351 3415 394 3480 ²³⁰)
414 3424 465 3483 quis
484 3421 628 3486 (postquam
646 3423 670 3470 in
688 3439 724 3464 =
741 3436 764 3469 m
782 3421 937 3470 adhaeserat
955 3419 1011 3468 occi
1028 3417 1129 3480 famosa)

171 3485 231 3534 Vnt.
251 3485 311 3534 edd.
338 3485 392 3537 Sed
407 3489 457 3538 uid.
478 3491 516 3541 tit.
536 3498 569 3541 13.
588 3495 615 3536 et
630 3489 687 3540 FtI.
703 3505 732 3552 p.
751 3497 797 3538 315.
