2614 3960
333 202 395 236 aros.
415 203 449 236 ar
469 203 532 248 non.
553 203 649 238 amaru
668 203 784 241 concam.
805 189 861 240 xvi.
883 189 904 238 1.
1055 191 1105 238 599

131 347 220 418 capite
237 344 328 416 puniri
349 346 540 418 praecipimus,
563 352 590 400 et
612 343 792 399 eorumbene
808 342 873 398 fisco
891 353 986 400 nostro
1012 345 1099 398 uindi-

132 431 188 486 cari
204 429 346 484 sancimus.
392 425 417 484 7.
435 428 462 483 Si
479 430 524 501 qui
541 445 606 482 sane
622 429 701 493 etiam
717 428 857 489 honorati,
881 436 927 483 aut
955 427 1098 483 cuiuslibet

134 513 285 586 dignitatis,
303 512 346 570 uel
363 514 479 575 maioris,
497 528 629 585 personae
646 513 678 566 ad
694 513 762 568 hanc
776 511 924 568 inauditam
940 520 967 567 et
982 520 1098 583 turpem,

135 607 217 668 atque
232 612 281 668 per
297 596 384 659 omnia
398 595 524 654 infamem
540 603 653 660 sectam,
677 597 718 652 uel
736 597 767 650 ad
784 596 935 652 doctrinam
957 596 1100 650 Persarum

135 698 166 736 se
184 679 383 741 transtulerint,
401 697 494 736 eorum
516 682 678 754 patrimonia
699 678 764 736 fisco
792 688 887 736 nostro
910 680 1041 736 adsociari
1062 680 1100 734 s·

134 766 205 824 cies,
228 759 406 836 ’ἰρεοεῳιθ45
427 763 612 820 Foenensibus
641 765 684 821 uel
710 764 931 820 Proconensihus
968 758 1103 820 metallis6

135 849 203 903 dari.
248 845 276 904 8,
299 848 333 902 Ut
348 851 432 921 igitur
453 850 578 921 stirpitus
607 851 739 922 amputari
760 849 827 904 mala
850 849 915 904 haec
930 850 1050 922 nequitia
1065 849 1098 904 de

135 932 246 990 saeculo
267 931 421 987 beatissimo
443 941 539 990 nostro
560 935 661 1005 possit,
683 934 794 989 deuotio
810 940 856 988 tun
871 935 950 988 iussis
966 948 997 987 ac
1011 941 1101 988 statu·

137 1018 172 1074 tis
181 1016 381 1088 tranquillitatis
390 1026 496 1072 nostrae
505 1019 634 1072 maturius
648 1011 1098 1089 ι]1)εοοιιῐι(ἰεινθ’(ηεσιιηοῖθὶιιν).7

138 1103 195 1156 ssat.
213 1100 299 1173 pridie
315 1099 371 1156 llal.
389 1102 498 1174 Aprilis,
516 1095 721 1157 Alexandriae.8

225 1199 327 1261 Explicit
346 1199 424 1247 titulus
443 1200 472 1247 de
491 1199 677 1254 mathematicis,
698 1199 815 1246 maleficis
834 1205 856 1245 et
874 1197 1028 1246 Manichaeis.

570 1413 681 1448 INCIPIT
707 1435 710 1442 ι

308 1521 371 1562 rm.
389 1520 451 1562 xva.
483 1521 528 1562 aa
540 1520 697 1561 anamma
714 1498 956 1562 svccnsmoun.¹

205 1639 269 1714 llap.
300 1640 320 1694 l.
352 1641 532 1714 Scriptura
567 1639 684 1695 diuina
719 1641 769 1695 sic
801 1631 922 1694 dieit:²
965 1636 989 1696 l.
1020 1637 1106 1694 l'iliae

140 1725 270 1786 Salladae,
302 1724 437 1780 adstantes
459 1733 521 1780 ante
543 1724 652 1797 Moysen
674 1732 701 1780 et
723 1723 877 1779 Eleazarum
903 1715 1106 1778 'sacerdotem3

140 1818 169 1866 et
195 1811 329 1882 principes
355 1817 436 1881 atque
458 1825 565 1864 omnem
581 1816 703 1863 senatum
727 1806 844 1863 filiorum
859 1806 940 1862 lsrael
956 1809 984 1862 in
1000 1806 1104 1860 loribus

143 1893 305 1948 tabernaculi
328 1894 489 1955 testimonii,
513 1892 652 1947 dixerunt:
688 1889 716 1948 2.
742 1887 840 1948 ‘Pater
861 1898 955 1945 noster
981 1896 1105 1944 mortuus

142 1984 198 2031 est:
215 1983 242 2030 et
258 1974 304 2029 ulti
320 1993 374 2031 non
389 1977 501 2031 luerunt
523 1977 555 2039 ei,
573 1977 620 2031 sed
636 1976 715 2033 filiae.
747 1973 774 2032 3.
792 1974 825 2030 Et
841 1973 901 2029 ideo
915 1991 970 2028 non
983 1973 1105 2028 deleatur

144 2075 242 2115 nemen
264 2061 346 2130 patris
363 2061 449 2114 nostri
464 2059 497 2114 de
513 2061 601 2115 medio
618 2061 703 2115 tribus
719 2077 793 2116 suae.
830 2059 889 2113 Non
906 2067 947 2113 est
963 2059 1106 2112 eimaseu-

144 2145 196 2199 lus.
228 2144 291 2197 llate
306 2142 383 2198 nobis
399 2145 599 2216 possessionem
615 2146 643 2198 in
658 2145 745 2199 medio
762 2145 874 2198 iratrum
892 2144 974 2216 patris
996 2140 1106 2196 nostri.'

142 2226 173 2284 4.
204 2227 237 2282 Et
259 2226 357 2282 obtulit
378 2227 483 2299 Moyses
509 2228 668 2299 petitionem
696 2244 787 2283 earum
815 2227 941 2283 'llomino
964 2221 1047 2280 deo.4
1076 2220 1104 2278 5.

144 2313 177 2368 Et
192 2313 300 2368 locutus
317 2318 358 2367 est
373 2312 501 2366 llominus
517 2311 601 2383 llcysi
617 2311 722 2366 dicens:
759 2308 788 2367 6.
810 2307 910 2367 ‘Recte
933 2310 1001 2365 filiae
1023 2309 1108 2365 Salla-

144 2399 194 2453 dae
210 2398 316 2452 locutae
333 2404 410 2451 sunt:
433 2404 460 2450 et
475 2394 536 2450 ideo
552 2394 649 2450 dabitis
666 2397 703 2451 eis
725 2397 928 2470 possessionem
949 2391 1107 2451 hereditatis

144 2485 173 2536 in
188 2482 276 2536 medio
292 2483 404 2536 fratrum
419 2482 503 2554 patris
520 2497 620 2534 earum.
665 2476 691 2536 7.
713 2481 745 2536 Et
762 2482 833 2536 dices
849 2481 917 2535 haec
932 2479 993 2536 filiis
1010 2477 1105 2534 lsrael:

146 2565 233 2620 Homo
249 2567 271 2620 si
284 2566 439 2626 decesserit,
456 2573 483 2620 et
498 2563 568 2620 lilios
584 2582 638 2620 non
660 2564 791 2628 habuerit,
815 2563 943 2636 ⁹(dcln‘tis
963 2566 1108 2621 heredita·

147 2659 201 2706 tem
224 2654 285 2706 eius
304 2653 384 2722 filiae
406 2655 476 2706 eius.
527 2647 556 2706 8.
581 2650 613 2706 Si
643 2653 732 2722 filiam
754 2669 811 2707 nort
833 2651 980 2718 hebuerit,
1005 2651 1110 2704 deditis

142 2735 292 2807 fratribus
307 2737 377 2791 eius.
415 2730 444 2790 9.
462 2735 495 2791 Si
505 2735 621 2807 fratres
635 2753 693 2790 non
708 2737 856 2804 habuerit,
876 2735 979 2790 dabitis
992 2735 1109 2804 porrois

147 2982 181 3046 ⁴⁵)
203 2986 303 3038 Boron,
339 2988 405 3050 ipsos
428 3000 520 3049 quoqne
538 2984 573 3033 B.
593 2987 650 3034 edd.
688 2985 734 3047 ipsi
759 2998 850 3047 quoque
872 2983 913 3030 Vi.
949 2982 1001 3044 ipso
1025 2994 1116 3042 quoquc

152 3055 199 3102 Ve.
270 3053 291 3111 θ)
311 3053 420 3116 Quorum
438 3053 501 3101 illud
517 3055 542 3100 r'n
557 3052 665 3108 Arabia,
684 3052 731 3102 hoe
748 3053 774 3099 ia
792 3052 874 3098 incula
886 3050 923 3099 ad
933 3047 1118 3110 Propontidem

149 3121 326 3180 emercelrotur,
346 3129 477 3184 utrumque
495 3120 605 3170 hobitum
622 3119 759 3181 letiferum.
800 3117 858 3166 Vid.
877 3117 1017 3180 scriptores
1036 3130 1052 3162 o
1070 3114 1118 3160 Pi-

149 3186 224 3235 tltoeo
243 3195 267 3235 et
285 3187 366 3240 Βίωνι,
386 3189 422 3236 ad
442 3188 466 3236 lt.
485 3190 502 3239 l.
526 3189 652 3237 laudatos.
742 3185 763 3248 ⁷)
787 3184 861 3244 Quod
881 3184 912 3234 ob
935 3183 1118 3231 similitudinem

152 3255 221 3302 vocis
244 3255 419 3304 oli-secundare
441 3257 550 3318 periisse
573 3257 681 3306 videtur.
718 3255 812 3302 festinet
834 3267 869 3300 ea*
887 3250 955 3298 Pitlt.
976 3249 1010 3308 ej.
1034 3248 1116 3312 suppl.

150 3321 210 3371 edd.
281 3319 302 3383 8)
322 3337 345 3370 α.
365 3330 481 3370 att—205.
500 3328 527 3370 ut
545 3323 652 3373 uidetur.

222 3402 241 3465 ¹)
260 3403 335 3454 Haec
353 3406 453 3468 intepru
471 3405 547 3454 tabet
564 3405 597 3455 B.
672 3403 692 3465 2)
713 3405 815 3452 Numer.
835 3411 866 3457 at,
887 3407 967 3449 1—11.
1041 3393 1063 3458 8)
1083 3396 1119 3448 B.

151 3472 288 3520 sacerdotes
311 3471 358 3520 Ve.
381 3472 424 3519 Vi.
443 3473 483 3522 ed.
502 3470 544 3524 Bt.
615 3471 637 3536 ⁴)
657 3470 691 3519 B.
715 3472 762 3520 Ve.
793 3483 873 3518 corum
892 3467 936 3516 deo
959 3466 1001 3515 Vi.
1020 3463 1060 3516 eat.
1077 3463 1117 3516 Bt.
