2634 3974
831 63 835 96 i
934 109 938 114 .

418 205 492 248 avan
511 206 613 244 earnm
632 207 711 244 sana.
731 194 757 242 V.
778 195 851 244 7-9.
1068 196 1117 246 443

147 349 199 410 iis,
216 365 265 406 neo
280 348 417 412 alumnus,
439 365 548 415 necea,
566 351 676 422 quaein
693 367 743 406 usu
758 350 917 424 quotidiano
933 349 1027 414 hahet,
1049 349 1118 412 obli·

146 440 264 507 gastun
280 433 397 506 ideoque
412 434 445 492 de
460 434 503 491 lais
518 450 568 490 neo
583 435 758 490 interdictum
772 435 904 493 redditur.

258 585 320 624 rar.
336 585 393 626 vn.
430 585 472 626 on
489 561 713 641 ’iruneonrn)¹
731 584 1006 631 eanresrrournrs.

215 683 241 741 1.
258 679 476 760 20bligattonnn
493 686 680 742 llrmandarum
696 689 781 762 gratia
792 674 981 761 stipulationes
993 688 1117 746 inductae

145 776 229 833 sunt,
247 787 315 844 quae
331 771 444 844 quadam
460 771 794 830 uerborum'sollennitate
810 774 1012 848 concipiuntur,
1029 781 1057 830 et
1072 791 1117 846 ap·

65 869 68 874 ·
146 854 279 928 peilatau,
306 857 379 929 qued
404 873 454 930 per
479 873 522 914 aas
551 855 661 914 firmitas
689 857 883 931 obligationum
909 859 1116 932 constringitur.

149 939 281 1012 stipidum
297 942 367 997 enin
382 948 493 996 ueteres
505 940 612 998 firmum
632 942 845 1015 appellauerunt.
900 937 928 999 2.
954 942 1116 1006 'veriorum

151 1022 283 1097 obligatio
299 1024 371 1079 inter
388 1033 561 1098 praesentes,
588 1043 649 1080 non
661 1027 739 1080 etiam
754 1028 826 1082 inter
841 1025 965 1082 absentes
981 1028 1117 1082 contr-elai·

150 1116 206 1162 tur.
252 1107 354 1176 Quodsi
368 1111 499 1184 scripturn
514 1110 596 1166 fuerit
610 1111 801 1172 instrumento,
818 1112 975 1184 promisisse
990 1111 1116 1185 aliquem,

150 1191 264 1265 perinde
289 1193 403 1250 habetur
422 1201 503 1267 atque
523 1196 546 1250 si
566 1196 782 1268 interrogatione
803 1195 983 1268 praecedente
1003 1212 1118 1269 respon·

145 1293 210 1334 suna
226 1279 270 1334 sit.
1004 1305 1008 1314 ·

279 1349 987 1440 mmmmummmfflm

215 1443 243 1506 8ss
272 1441 463 1504 iiiruetuarius
489 1464 585 1504 seruus
611 1449 633 1502 si
661 1447 725 1525 quid
752 1464 782 1502 en
804 1451 833 1503 re
857 1448 995 1504 fructuarii
1017 1457 1063 1504 aut
1085 1465 1118 1504 ex

148 1531 242 1603 operis
256 1533 313 1588 suis
329 1533 456 1604 acquirit,
473 1531 506 1588 ad
519 1532 697 1591 fructuarium
711 1534 838 1605 pertinet.
884 1534 1012 1606 quioquid
1028 1543 1117 1594 autem

151 1615 259 1672 aliunde
285 1615 330 1674 uel
356 1633 389 1672 ea
409 1633 441 1672 re
463 1617 634 1690 proprietarii
654 1617 783 1690 anquirit,
811 1617 921 1674 domino
941 1620 1117 1692 proprietatis

152 1701 273 1771 anquirit.
332 1697 362 1756 4.
387 1696 472 1756 iCum
492 1701 565 1756 iacto
584 1703 758 1774 promissoris
777 1719 821 1757 res
843 1703 871 1758 in
891 1703 1049 1776 stipulatum
1071 1703 1117 1758 de·

152 1781 232 1839 dueta
252 1785 401 1848 intercidit,
428 1785 540 1861 perinde
561 1788 604 1858 agi
625 1803 659 1842 en
679 1785 809 1860 stipulatu
829 1793 922 1862 potest
943 1804 973 1842 ae
988 1789 1011 1841 si
1027 1804 1057 1842 ea
1073 1804 1116 1843 res

6 1901 8 1906 ,
62 1917 69 1932 ,
102 1933 106 1937 ,
150 1877 277 1926 exstaret.
322 1869 385 1930 ideo
404 1872 554 1944 promissor
575 1870 762 1926 aestimatione
778 1872 835 1926 eius
851 1871 975 1942 punitur,
1004 1873 1116 1926 maxime

150 1953 175 2008 si
189 1954 219 2010 in
232 1953 324 2011 dolum
340 1969 449 2028 quoque
464 1956 523 2010 eius
538 1961 669 2026 oonoepta
683 1953 767 2010 suerit
781 1955 930 2026 stipulatio.

390 2107 453 2146 uir.
470 2106 538 2146 vlu.
575 2105 618 2146 Dm
633 2103 877 2145 uovnutortmvs·

214 2203 239 2266 1.
264 2201 343 2279 ¹Non
363 2207 452 2268 solum
473 2223 522 2279 per
546 2214 654 2264 nosmet
677 2207 752 2278 ipsos
772 2221 918 2268 nouamus,
945 2207 1018 2280 quod
1040 2206 1116 2266 nobis

149 2290 278 2365 debetur,
307 2291 355 2346 sed
380 2307 429 2364 per
455 2308 502 2346 eos
530 2292 621 2353 etiam,
648 2306 698 2362 per
723 2305 792 2362 quos
817 2290 941 2362 stipulari
961 2307 1116 2366 possumus.

151 2376 238 2432 ueluti
258 2393 307 2448 per
328 2374 525 2430 filiumfamilias
548 2374 592 2429 uel
612 2390 735 2436 seruum,
763 2372 880 2429 iubendo
903 2375 1056 2454 uelratnaa
1071 2378 1118 2432 ha·

152 2459 250 2514 hendo.
296 2459 458 2514 Procurator
480 2475 588 2532 quoque
608 2466 703 2516 noster
723 2475 756 2513 es
775 2459 852 2520 iussu
867 2467 962 2515 nostro
978 2469 1116 2536 receptum

153 2549 195 2596 est
211 2549 240 2604 ut
256 2557 357 2600 nouare
372 2545 470 2616 possit.

252 2693 315 2736 nar.
326 2665 373 2734 rx.
412 2695 454 2740 nu
471 2693 752 2742 salernamounsvs
769 2673 1016 2754 'leannronudi

216 2792 241 2852 l.
277 2787 465 2852 ²Substitutus
492 2797 572 2854 heres
597 2797 629 2854 ah
654 2799 794 2860 instituto,
822 2799 867 2874 qui
889 2797 938 2852 suh
959 2797 1119 2858 condicione
1261 2864 1264 2870 Ι

150 2881 270 2952 scriptus
295 2890 350 2941 est,
377 2883 482 2945 utiliter
506 2882 557 2946 sibi
578 2885 735 2941 institutum
756 2883 805 2939 hae
826 2881 1001 2953 stipulatione
1021 2897 1118 2942 cauere
1226 2879 1227 2882 ’

224 3079 272 3134 Tit.
290 3079 357 3133 VII.
394 3079 413 3142 ¹)
434 3081 480 3136 Em
498 3082 592 3138 Schult.
612 3083 646 3147 ej.
664 3081 787 3146 supplevi.
857 3075 879 3144 2)
900 3079 939 3142 Cf.
958 3096 1038 3144 eupru
1056 3089 1076 3142 t,
1096 3088 1118 3130 3.

149 3163 195 3211 pr.
214 3147 240 3201 1.
259 3150 291 3202 de
308 3149 376 3200 vead.
395 3149 443 3198 oti.
464 3149 494 3212 (3,
514 3148 558 3212 te).
586 3150 683 3202 Isidor.
704 3147 773 3212 Orio.
793 3157 813 3209 t,
831 3155 864 3204 et.
884 3145 911 3210 S.
931 3155 963 3201 30.
1035 3146 1056 3210 3)
1076 3147 1117 3208 Cf.

153 3211 199 3280 gg.
211 3224 243 3270 aa.
257 3225 291 3272 rr.
302 3213 327 3264 Ι.
341 3217 372 3266 da
384 3219 466 3270 inurit,
479 3219 539 3280 stip.
554 3215 585 3278 (a,
601 3217 644 3279 re).
692 3214 713 3280 ⁴)
728 3215 772 3280 Os..
785 3215 839 3264 Gar.
851 3224 870 3272 3,
884 3223 929 3266 aas.
946 3224 987 3264 ros.
1041 3211 1061 3277 ³)
1077 3213 1117 3276 Cf.

152 3281 187 3332 L.
205 3291 238 3334 ²3.
258 3283 289 3336 L·
310 3291 333 3332 el
351 3301 394 3348 pr.
413 3285 446 3336 Ι),
465 3285 498 3334 de
516 3285 583 3336 verb,
603 3283 652 3336 obt.
672 3282 715 3346 (45,
735 3285 765 3345 1).

224 3349 275 3402 Tit.
292 3349 379 3408 Vm.
408 3349 429 3410 1)
447 3351 487 3412 Cf.
502 3353 533 3412 l.
549 3361 580 3404 ao,
595 3360 619 3399 20
630 3367 673 3416 pr.
693 3353 724 3403 h.
737 3359 771 3401 aa.
784 3359 816 3404 aa.
835 3350 867 3398 D.
882 3350 914 3398 ue
926 3354 1014 3401 nonar.
1027 3344 1071 3410 (aa,
1085 3345 1118 3411 a).
1133 3371 1138 3382 ·

224 3415 339 3470 ΤίΗΧ.
376 3415 397 3480 ¹)
416 3417 475 3469 Hoe
493 3419 635 3472 addendum
653 3423 772 3482 apparet.
842 3415 863 3480 ¹)
883 3416 924 3478 Gt.
943 3415 976 3468 Β.
992 3424 1024 3466 12.
1038 3423 1070 3466 13.
1084 3414 1120 3462 D.

153 3483 198 3550 qui
213 3485 303 3538 eatied.
322 3499 378 3549 eop.
397 3479 428 3547 (2.
447 3484 478 3549 8).
499 3487 561 3542 les
576 3502 620 3552 pr.
639 3487 672 3537 D.
691 3487 722 3538 de
739 3486 800 3548 stip,
817 3490 904 3550 praet.
925 3479 969 3548 (to,
988 3481 1021 3546 5).
