<?xml version="1.0" encoding="UTF-8"?>
<!DOCTYPE html PUBLIC "-//W3C//DTD XHTML 1.0 Transitional//EN"
    "http://www.w3.org/TR/xhtml1/DTD/xhtml1-transitional.dtd">
<html xmlns="http://www.w3.org/1999/xhtml" xml:lang="en" lang="en">
 <head>
  <title>
</title>
<meta http-equiv="Content-Type" content="text/html;charset=utf-8" />
  <meta name='ocr-system' content='tesseract 3.04.00' />
  <meta name='ocr-capabilities' content='ocr_page ocr_carea ocr_par ocr_line ocrx_word'/>
</head>
<body>
  <div class='ocr_page' id='page_1' title='image "./ivrisprvdentiae01huscgoog_0073.png"; bbox 0 0 2588 3954; ppageno 0'>
   <div class='ocr_carea' id='block_1_1' title="bbox 24 2 1114 305">
    <p class='ocr_par' dir='ltr' id='par_1_1' title="bbox 24 2 1114 305">
     <span class='ocr_line' id='line_1_1' title="bbox 56 120 65 141; baseline 0 0"><span class='ocrx_word' id='word_1_1' title='bbox 56 120 65 141; x_wconf 84' lang='grc' dir='ltr'>Ι</span> 
     </span>
     <span class='ocr_line' id='line_1_2' title="bbox 24 2 1114 305; baseline 0.005 -66"><span class='ocrx_word' id='word_1_2' title='bbox 24 2 57 305; x_wconf 66' lang='lat'>‚⁸</span> <span class='ocrx_word' id='word_1_3' title='bbox 494 207 518 241; x_wconf 91' lang='lat' dir='ltr'>c.</span> <span class='ocrx_word' id='word_1_4' title='bbox 538 205 638 242; x_wconf 75' lang='lat' dir='ltr'>arrivs</span> <span class='ocrx_word' id='word_1_5' title='bbox 659 207 770 244; x_wconf 76' lang='lat' dir='ltr'>carrro.</span> <span class='ocrx_word' id='word_1_6' title='bbox 919 253 923 260; x_wconf 87' lang='lat'>.</span> <span class='ocrx_word' id='word_1_7' title='bbox 1082 197 1114 244; x_wconf 80' lang='lat'>63</span> 
     </span>
    </p>
   </div>
   <div class='ocr_carea' id='block_1_2' title="bbox 24 309 28 386">
    <p class='ocr_par' dir='ltr' id='par_1_2' title="bbox 24 309 28 420">
     <span class='ocr_line' id='line_1_3' title="bbox 24 309 28 386; baseline 0 0"><span class='ocrx_word' id='word_1_8' title='bbox 24 309 28 386; x_wconf 82' lang='lat' dir='ltr'>t</span> 
     </span>
    </p>
   </div>
   <div class='ocr_carea' id='block_1_3' title="bbox 153 344 1116 592">
    <p class='ocr_par' dir='ltr' id='par_1_3' title="bbox 153 344 1116 592">
     <span class='ocr_line' id='line_1_4' title="bbox 154 344 1116 423; baseline 0.001 -20"><span class='ocrx_word' id='word_1_9' title='bbox 154 364 205 403; x_wconf 93' lang='lat' dir='ltr'>uon</span> <span class='ocrx_word' id='word_1_10' title='bbox 227 355 337 403; x_wconf 90' lang='lat' dir='ltr'>taceret.</span> <span class='ocrx_word' id='word_1_11' title='bbox 384 344 530 404; x_wconf 75' lang='lat' dir='ltr'>‘Veteres&#39;</span> <span class='ocrx_word' id='word_1_12' title='bbox 553 350 653 421; x_wconf 89' lang='lat' dir='ltr'>iuquit,</span> <span class='ocrx_word' id='word_1_13' title='bbox 681 346 752 404; x_wconf 85' lang='lat' dir='ltr'>‘nou</span> <span class='ocrx_word' id='word_1_14' title='bbox 775 356 900 414; x_wconf 88' lang='lat' dir='ltr'>ornatus,</span> <span class='ocrx_word' id='word_1_15' title='bbox 922 348 970 404; x_wconf 90' lang='lat' dir='ltr'>sed</span> <span class='ocrx_word' id='word_1_16' title='bbox 991 350 1116 423; x_wconf 90' lang='lat' dir='ltr'>signandi</span> 
     </span>
     <span class='ocr_line' id='line_1_5' title="bbox 153 433 1114 507; baseline 0.001 -20"><span class='ocrx_word' id='word_1_17' title='bbox 153 449 227 487; x_wconf 88' lang='lat' dir='ltr'>causa</span> <span class='ocrx_word' id='word_1_18' title='bbox 248 433 376 490; x_wconf 87' lang='lat' dir='ltr'>annulum</span> <span class='ocrx_word' id='word_1_19' title='bbox 399 449 489 488; x_wconf 92' lang='lat' dir='ltr'>secum</span> <span class='ocrx_word' id='word_1_20' title='bbox 512 433 745 489; x_wconf 80' lang='lat' dir='ltr'>circumferebant.</span> <span class='ocrx_word' id='word_1_21' title='bbox 787 433 862 488; x_wconf 87' lang='lat' dir='ltr'><strong>Unde</strong></span> <span class='ocrx_word' id='word_1_22' title='bbox 882 451 932 490; x_wconf 90' lang='lat' dir='ltr'>uec</span> <span class='ocrx_word' id='word_1_23' title='bbox 952 434 1013 507; x_wconf 91' lang='lat' dir='ltr'>plus</span> <span class='ocrx_word' id='word_1_24' title='bbox 1035 451 1114 507; x_wconf 87' lang='lat' dir='ltr'>quam</span> 
     </span>
     <span class='ocr_line' id='line_1_6' title="bbox 153 515 1116 592; baseline 0 -20"><span class='ocrx_word' id='word_1_25' title='bbox 153 533 232 572; x_wconf 91' lang='lat' dir='ltr'>uuum</span> <span class='ocrx_word' id='word_1_26' title='bbox 249 515 347 572; x_wconf 89' lang='lat' dir='ltr'>habere</span> <span class='ocrx_word' id='word_1_27' title='bbox 368 517 478 581; x_wconf 82' lang='lat' dir='ltr'>licebat,</span> <span class='ocrx_word' id='word_1_28' title='bbox 501 535 551 573; x_wconf 91' lang='lat' dir='ltr'>uec</span> <span class='ocrx_word' id='word_1_29' title='bbox 572 520 695 592; x_wconf 85' lang='lat' dir='ltr'>cuiquam</span> <span class='ocrx_word' id='word_1_30' title='bbox 711 519 763 573; x_wconf 93' lang='lat' dir='ltr'>nisi</span> <span class='ocrx_word' id='word_1_31' title='bbox 777 517 873 573; x_wconf 88' lang='lat' dir='ltr'>libero.</span> <span class='ocrx_word' id='word_1_32' title='bbox 905 519 993 592; x_wconf 89' lang='lat' dir='ltr'>&#39;quod</span> <span class='ocrx_word' id='word_1_33' title='bbox 1009 535 1055 574; x_wconf 88' lang='lat' dir='ltr'>cos</span> <span class='ocrx_word' id='word_1_34' title='bbox 1071 535 1116 573; x_wconf 91' lang='lat' dir='ltr'>so-</span> 
     </span>
    </p>
   </div>
   <div class='ocr_carea' id='block_1_4' title="bbox 114 597 1115 676">
    <p class='ocr_par' dir='ltr' id='par_1_4' title="bbox 24 583 1115 678">
     <span class='ocr_line' id='line_1_7' title="bbox 114 597 1115 676; baseline 0.002 -19.835"><span class='ocrx_word' id='word_1_35' title='bbox 114 616 124 674; x_wconf 68' lang='lat' dir='ltr'>j</span> <span class='ocrx_word' id='word_1_36' title='bbox 152 601 189 656; x_wconf 88' lang='lat' dir='ltr'>los</span> <span class='ocrx_word' id='word_1_37' title='bbox 210 599 277 656; x_wconf 86' lang='lat' dir='ltr'>tides</span> <span class='ocrx_word' id='word_1_38' title='bbox 301 597 438 664; x_wconf 62' lang='lat' dir='ltr'>decerent</span> <span class='ocrx_word' id='word_1_39' title='bbox 460 619 528 675; x_wconf 91' lang='lat' dir='ltr'>quae</span> <span class='ocrx_word' id='word_1_40' title='bbox 551 602 691 676; x_wconf 88' lang='lat' dir='ltr'>signaculo</span> <span class='ocrx_word' id='word_1_41' title='bbox 707 604 876 666; x_wconf 74' lang='lat' dir='ltr'>continetur,</span> <span class='ocrx_word' id='word_1_42' title='bbox 896 603 958 657; x_wconf 88' lang='lat' dir='ltr'>ideo</span> <span class='ocrx_word' id='word_1_43' title='bbox 974 606 1015 658; x_wconf 91' lang='lat' dir='ltr'>ius</span> <span class='ocrx_word' id='word_1_44' title='bbox 1032 619 1115 658; x_wconf 89' lang='lat' dir='ltr'>anuu-</span> 
     </span>
    </p>
   </div>
   <div class='ocr_carea' id='block_1_5' title="bbox 151 680 1115 761">
    <p class='ocr_par' dir='ltr' id='par_1_5' title="bbox 151 680 1115 761">
     <span class='ocr_line' id='line_1_8' title="bbox 151 680 1115 761; baseline 0.001 -21"><span class='ocrx_word' id='word_1_45' title='bbox 151 685 234 742; x_wconf 89' lang='lat' dir='ltr'>lorum</span> <span class='ocrx_word' id='word_1_46' title='bbox 251 687 343 743; x_wconf 84' lang='lat' dir='ltr'>famuli</span> <span class='ocrx_word' id='word_1_47' title='bbox 360 704 415 742; x_wconf 89' lang='lat' dir='ltr'>uon</span> <span class='ocrx_word' id='word_1_48' title='bbox 432 685 573 742; x_wconf 85' lang='lat' dir='ltr'>habebant.</span> <span class='ocrx_word' id='word_1_49' title='bbox 611 686 816 761; x_wconf 88' lang='lat' dir='ltr'>imprimebatur</span> <span class='ocrx_word' id='word_1_50' title='bbox 831 696 921 743; x_wconf 91' lang='lat' dir='ltr'>autem</span> <span class='ocrx_word' id='word_1_51' title='bbox 942 680 1115 761; x_wconf 89' lang='lat' dir='ltr'>&#39;sculptura⁵</span> 
     </span>
    </p>
   </div>
   <div class='ocr_carea' id='block_1_6' title="bbox 146 770 1115 846">
    <p class='ocr_par' dir='ltr' id='par_1_6' title="bbox 146 770 1115 846">
     <span class='ocr_line' id='line_1_9' title="bbox 146 770 1115 846; baseline 0 -20"><span class='ocrx_word' id='word_1_52' title='bbox 146 773 274 826; x_wconf 85' lang='lat' dir='ltr'>materiae</span> <span class='ocrx_word' id='word_1_53' title='bbox 289 772 396 835; x_wconf 90' lang='lat' dir='ltr'>annuli,</span> <span class='ocrx_word' id='word_1_54' title='bbox 418 774 476 829; x_wconf 89' lang='lat' dir='ltr'>siue</span> <span class='ocrx_word' id='word_1_55' title='bbox 492 789 524 827; x_wconf 82' lang='lat' dir='ltr'>eu</span> <span class='ocrx_word' id='word_1_56' title='bbox 540 771 613 828; x_wconf 88' lang='lat' dir='ltr'>lerro</span> <span class='ocrx_word' id='word_1_57' title='bbox 629 775 688 828; x_wconf 91' lang='lat' dir='ltr'>siue</span> <span class='ocrx_word' id='word_1_58' title='bbox 704 789 737 828; x_wconf 79' lang='lat' dir='ltr'>ex</span> <span class='ocrx_word' id='word_1_59' title='bbox 752 788 818 828; x_wconf 90' lang='lat' dir='ltr'>auro</span> <span class='ocrx_word' id='word_1_60' title='bbox 834 772 920 828; x_wconf 83' lang='lat' dir='ltr'>soret:</span> <span class='ocrx_word' id='word_1_61' title='bbox 943 780 970 826; x_wconf 94' lang='lat' dir='ltr'>et</span> <span class='ocrx_word' id='word_1_62' title='bbox 992 770 1115 846; x_wconf 86' lang='lat' dir='ltr'>gestaba-</span> 
     </span>
    </p>
   </div>
   <div class='ocr_carea' id='block_1_7' title="bbox 147 856 1197 2196">
    <p class='ocr_par' dir='ltr' id='par_1_7' title="bbox 147 856 1197 2196">
     <span class='ocr_line' id='line_1_10' title="bbox 149 856 1113 931; baseline 0.001 -22"><span class='ocrx_word' id='word_1_63' title='bbox 149 863 204 919; x_wconf 79' lang='lat' dir='ltr'>tur,</span> <span class='ocrx_word' id='word_1_64' title='bbox 235 865 267 912; x_wconf 90' lang='lat' dir='ltr'>ut</span> <span class='ocrx_word' id='word_1_65' title='bbox 291 859 407 930; x_wconf 87' lang='lat' dir='ltr'>quisquc</span> <span class='ocrx_word' id='word_1_66' title='bbox 433 856 529 919; x_wconf 86' lang='lat' dir='ltr'>uellet,</span> <span class='ocrx_word' id='word_1_67' title='bbox 562 871 722 931; x_wconf 88' lang='lat' dir='ltr'>quacunque</span> <span class='ocrx_word' id='word_1_68' title='bbox 750 874 844 920; x_wconf 91' lang='lat' dir='ltr'>mauu,</span> <span class='ocrx_word' id='word_1_69' title='bbox 871 856 993 930; x_wconf 88' lang='lat' dir='ltr'>quolibet</span> <span class='ocrx_word' id='word_1_70' title='bbox 1018 857 1113 929; x_wconf 78' lang='lat' dir='ltr'>digito.</span> 
     </span>
     <span class='ocr_line' id='line_1_11' title="bbox 148 939 1114 1016; baseline 0 -22"><span class='ocrx_word' id='word_1_71' title='bbox 148 939 270 1003; x_wconf 89' lang='lat' dir='ltr'>Postea&#39;,</span> <span class='ocrx_word' id='word_1_72' title='bbox 293 943 395 1014; x_wconf 80' lang='lat' dir='ltr'>iuquit,</span> <span class='ocrx_word' id='word_1_73' title='bbox 417 939 500 998; x_wconf 50' lang='lat' dir='ltr'>*usus</span> <span class='ocrx_word' id='word_1_74' title='bbox 522 941 682 998; x_wconf 86' lang='lat' dir='ltr'>luxuriantis</span> <span class='ocrx_word' id='word_1_75' title='bbox 704 943 798 998; x_wconf 90' lang='lat' dir='ltr'>aetatis</span> <span class='ocrx_word' id='word_1_76' title='bbox 819 944 972 1016; x_wconf 70' lang='lat' dir='ltr'>signaturis</span> <span class='ocrx_word' id='word_1_77' title='bbox 987 941 1114 1014; x_wconf 80' lang='lat' dir='ltr'>pretiosis</span> 
     </span>
     <span class='ocr_line' id='line_1_12' title="bbox 148 1024 1115 1099; baseline -0.002 -19"><span class='ocrx_word' id='word_1_78' title='bbox 148 1027 257 1098; x_wconf 88' lang='lat' dir='ltr'>gemmis</span> <span class='ocrx_word' id='word_1_79' title='bbox 274 1027 365 1099; x_wconf 88' lang='lat' dir='ltr'>eoepit</span> <span class='ocrx_word' id='word_1_80' title='bbox 380 1027 546 1099; x_wconf 78' lang='lat' dir='ltr'>insculpere,</span> <span class='ocrx_word' id='word_1_81' title='bbox 569 1036 597 1082; x_wconf 90' lang='lat' dir='ltr'>et</span> <span class='ocrx_word' id='word_1_82' title='bbox 618 1029 739 1082; x_wconf 88' lang='lat' dir='ltr'>certatim</span> <span class='ocrx_word' id='word_1_83' title='bbox 761 1028 826 1082; x_wconf 86' lang='lat' dir='ltr'>haec</span> <span class='ocrx_word' id='word_1_84' title='bbox 848 1027 933 1081; x_wconf 89' lang='lat' dir='ltr'>omnis</span> <span class='ocrx_word' id='word_1_85' title='bbox 949 1027 1062 1080; x_wconf 83' lang='lat' dir='ltr'>imitatio</span> <span class='ocrx_word' id='word_1_86' title='bbox 1078 1024 1115 1078; x_wconf 76' lang='lat' dir='ltr'>la=</span> 
     </span>
     <span class='ocr_line' id='line_1_13' title="bbox 148 1108 1114 1186; baseline -0.002 -21"><span class='ocrx_word' id='word_1_87' title='bbox 148 1111 269 1174; x_wconf 89' lang='lat' dir='ltr'>cessiuit,</span> <span class='ocrx_word' id='word_1_88' title='bbox 303 1119 333 1165; x_wconf 91' lang='lat' dir='ltr'>ut</span> <span class='ocrx_word' id='word_1_89' title='bbox 363 1110 396 1165; x_wconf 89' lang='lat' dir='ltr'>de</span> <span class='ocrx_word' id='word_1_90' title='bbox 426 1118 573 1186; x_wconf 88' lang='lat' dir='ltr'>augmento</span> <span class='ocrx_word' id='word_1_91' title='bbox 603 1113 696 1185; x_wconf 90' lang='lat' dir='ltr'>pretii,</span> <span class='ocrx_word' id='word_1_92' title='bbox 734 1128 797 1184; x_wconf 89' lang='lat' dir='ltr'>quo</span> <span class='ocrx_word' id='word_1_93' title='bbox 819 1110 981 1184; x_wconf 87' lang='lat' dir='ltr'>sculpendos</span> <span class='ocrx_word' id='word_1_94' title='bbox 1011 1108 1114 1182; x_wconf 87' lang='lat' dir='ltr'>lapides</span> 
     </span>
     <span class='ocr_line' id='line_1_14' title="bbox 148 1195 1116 1268; baseline 0 -20"><span class='ocrx_word' id='word_1_95' title='bbox 148 1204 310 1268; x_wconf 76' lang='lat' dir='ltr'>parassent,</span> <span class='ocrx_word' id='word_1_96' title='bbox 326 1195 518 1268; x_wconf 81' lang='lat' dir='ltr'>gloriarentur.</span> <span class='ocrx_word' id='word_1_97' title='bbox 555 1195 624 1251; x_wconf 90' lang='lat' dir='ltr'>llinc</span> <span class='ocrx_word' id='word_1_98' title='bbox 644 1197 810 1257; x_wconf 83' lang='lat' dir='ltr'>factumest,</span> <span class='ocrx_word' id='word_1_99' title='bbox 827 1203 857 1250; x_wconf 94' lang='lat' dir='ltr'>ut</span> <span class='ocrx_word' id='word_1_100' title='bbox 874 1212 938 1249; x_wconf 92' lang='lat' dir='ltr'>usus</span> <span class='ocrx_word' id='word_1_101' title='bbox 954 1195 1116 1249; x_wconf 89' lang='lat' dir='ltr'>annulorum</span> 
     </span>
     <span class='ocr_line' id='line_1_15' title="bbox 148 1278 1115 1354; baseline -0.002 -20"><span class='ocrx_word' id='word_1_102' title='bbox 148 1288 266 1335; x_wconf 84' lang='lat' dir='ltr'>exemtus</span> <span class='ocrx_word' id='word_1_103' title='bbox 291 1279 429 1342; x_wconf 86' lang='lat' dir='ltr'>dexterae,</span> <span class='ocrx_word' id='word_1_104' title='bbox 459 1295 527 1352; x_wconf 82' lang='lat' dir='ltr'>quae</span> <span class='ocrx_word' id='word_1_105' title='bbox 542 1280 657 1336; x_wconf 87' lang='lat' dir='ltr'>multum</span> <span class='ocrx_word' id='word_1_106' title='bbox 673 1281 847 1354; x_wconf 87' lang='lat' dir='ltr'>negotiorum</span> <span class='ocrx_word' id='word_1_107' title='bbox 863 1281 948 1352; x_wconf 91' lang='lat' dir='ltr'>gerit,</span> <span class='ocrx_word' id='word_1_108' title='bbox 969 1280 997 1332; x_wconf 90' lang='lat' dir='ltr'>iu</span> <span class='ocrx_word' id='word_1_109' title='bbox 1012 1278 1115 1333; x_wconf 88' lang='lat' dir='ltr'>laeuam</span> 
     </span>
     <span class='ocr_line' id='line_1_16' title="bbox 147 1361 1114 1437; baseline -0.002 -20"><span class='ocrx_word' id='word_1_110' title='bbox 147 1363 324 1437; x_wconf 87' lang='lat' dir='ltr'>relegaretur,</span> <span class='ocrx_word' id='word_1_111' title='bbox 342 1380 410 1436; x_wconf 88' lang='lat' dir='ltr'>quae</span> <span class='ocrx_word' id='word_1_112' title='bbox 426 1365 541 1420; x_wconf 91' lang='lat' dir='ltr'>otiosior</span> <span class='ocrx_word' id='word_1_113' title='bbox 556 1373 606 1427; x_wconf 91' lang='lat' dir='ltr'>est,</span> <span class='ocrx_word' id='word_1_114' title='bbox 623 1382 657 1420; x_wconf 88' lang='lat' dir='ltr'>ne</span> <span class='ocrx_word' id='word_1_115' title='bbox 673 1364 768 1420; x_wconf 91' lang='lat' dir='ltr'>crebro</span> <span class='ocrx_word' id='word_1_116' title='bbox 782 1372 860 1418; x_wconf 84' lang='lat' dir='ltr'>&#39;motu</span> <span class='ocrx_word' id='word_1_117' title='bbox 875 1370 901 1418; x_wconf 90' lang='lat' dir='ltr'>et</span> <span class='ocrx_word' id='word_1_118' title='bbox 918 1361 1008 1419; x_wconf 84' lang='lat' dir='ltr'>officio</span> <span class='ocrx_word' id='word_1_119' title='bbox 1021 1378 1114 1416; x_wconf 89' lang='lat' dir='ltr'>manus</span> 
     </span>
     <span class='ocr_line' id='line_1_17' title="bbox 147 1447 1117 1522; baseline -0.002 -20"><span class='ocrx_word' id='word_1_120' title='bbox 147 1447 253 1503; x_wconf 83' lang='lat' dir='ltr'>dextrae</span> <span class='ocrx_word' id='word_1_121' title='bbox 270 1449 385 1522; x_wconf 89' lang='lat' dir='ltr'>pretiosi</span> <span class='ocrx_word' id='word_1_122' title='bbox 401 1448 506 1521; x_wconf 88' lang='lat' dir='ltr'>lapides</span> <span class='ocrx_word' id='word_1_123' title='bbox 522 1448 723 1522; x_wconf 85' lang='lat' dir='ltr'>frangerentur.</span> <span class='ocrx_word' id='word_1_124' title='bbox 760 1447 868 1503; x_wconf 84' lang='lat' dir='ltr'>Electus</span> <span class='ocrx_word' id='word_1_125' title='bbox 885 1447 1000 1510; x_wconf 86' lang='lat' dir='ltr'>autem&#39;,</span> <span class='ocrx_word' id='word_1_126' title='bbox 1017 1447 1117 1519; x_wconf 86' lang='lat' dir='ltr'>iuquit,</span> 
     </span>
     <span class='ocr_line' id='line_1_18' title="bbox 147 1527 1115 1606; baseline -0.001 -20"><span class='ocrx_word' id='word_1_127' title='bbox 147 1527 191 1587; x_wconf 78' lang='lat' dir='ltr'>‘iu</span> <span class='ocrx_word' id='word_1_128' title='bbox 206 1535 265 1606; x_wconf 91' lang='lat' dir='ltr'>ipsa</span> <span class='ocrx_word' id='word_1_129' title='bbox 283 1533 360 1587; x_wconf 87' lang='lat' dir='ltr'>laeua</span> <span class='ocrx_word' id='word_1_130' title='bbox 375 1549 456 1588; x_wconf 89' lang='lat' dir='ltr'>manu</span> <span class='ocrx_word' id='word_1_131' title='bbox 471 1534 574 1606; x_wconf 89' lang='lat' dir='ltr'>digitus</span> <span class='ocrx_word' id='word_1_132' title='bbox 590 1536 699 1588; x_wconf 91' lang='lat' dir='ltr'>minimo</span> <span class='ocrx_word' id='word_1_133' title='bbox 715 1535 855 1606; x_wconf 82' lang='lat' dir='ltr'>proximus</span> <span class='ocrx_word' id='word_1_134' title='bbox 877 1535 953 1606; x_wconf 85' lang='lat' dir='ltr'>quasi</span> <span class='ocrx_word' id='word_1_135' title='bbox 968 1534 1056 1605; x_wconf 91' lang='lat' dir='ltr'>aptior</span> <span class='ocrx_word' id='word_1_136' title='bbox 1072 1548 1115 1586; x_wconf 88' lang='lat' dir='ltr'>ce-</span> 
     </span>
     <span class='ocr_line' id='line_1_19' title="bbox 148 1617 1114 1692; baseline -0.002 -22"><span class='ocrx_word' id='word_1_137' title='bbox 148 1618 218 1680; x_wconf 90' lang='lat' dir='ltr'>teris,</span> <span class='ocrx_word' id='word_1_138' title='bbox 236 1619 283 1672; x_wconf 92' lang='lat' dir='ltr'>cui</span> <span class='ocrx_word' id='word_1_139' title='bbox 300 1617 535 1673; x_wconf 85' lang='lat' dir='ltr'>commendaretur</span> <span class='ocrx_word' id='word_1_140' title='bbox 550 1619 642 1674; x_wconf 89' lang='lat' dir='ltr'>annuli</span> <span class='ocrx_word' id='word_1_141' title='bbox 657 1619 823 1690; x_wconf 82' lang='lat' dir='ltr'>pretiositas.</span> <span class='ocrx_word' id='word_1_142' title='bbox 855 1617 919 1672; x_wconf 90' lang='lat' dir='ltr'>Nam</span> <span class='ocrx_word' id='word_1_143' title='bbox 942 1617 1046 1692; x_wconf 85' lang='lat' dir='ltr'>pollex,</span> <span class='ocrx_word' id='word_1_144' title='bbox 1068 1617 1114 1688; x_wconf 88' lang='lat' dir='ltr'>qui</span> 
     </span>
     <span class='ocr_line' id='line_1_20' title="bbox 148 1701 1115 1776; baseline -0.002 -21"><span class='ocrx_word' id='word_1_145' title='bbox 148 1717 242 1757; x_wconf 87' lang='lat' dir='ltr'>nomen</span> <span class='ocrx_word' id='word_1_146' title='bbox 259 1701 294 1756; x_wconf 84' lang='lat' dir='ltr'>ab</span> <span class='ocrx_word' id='word_1_147' title='bbox 309 1717 352 1764; x_wconf 89' lang='lat' dir='ltr'>eo</span> <span class='ocrx_word' id='word_1_148' title='bbox 370 1703 441 1774; x_wconf 91' lang='lat' dir='ltr'>quod</span> <span class='ocrx_word' id='word_1_149' title='bbox 457 1702 552 1776; x_wconf 90' lang='lat' dir='ltr'>pollet,</span> <span class='ocrx_word' id='word_1_150' title='bbox 570 1705 686 1776; x_wconf 89' lang='lat' dir='ltr'>accepit,</span> <span class='ocrx_word' id='word_1_151' title='bbox 709 1719 758 1758; x_wconf 87' lang='lat' dir='ltr'>uec</span> <span class='ocrx_word' id='word_1_152' title='bbox 779 1705 806 1757; x_wconf 90' lang='lat' dir='ltr'>in</span> <span class='ocrx_word' id='word_1_153' title='bbox 822 1703 930 1757; x_wconf 84' lang='lat' dir='ltr'>sinistra</span> <span class='ocrx_word' id='word_1_154' title='bbox 945 1708 1048 1762; x_wconf 88' lang='lat' dir='ltr'>cessat</span> <span class='ocrx_word' id='word_1_155' title='bbox 1065 1717 1115 1754; x_wconf 90' lang='lat' dir='ltr'>nec</span> 
     </span>
     <span class='ocr_line' id='line_1_21' title="bbox 148 1783 1115 1878; baseline -0.001 -39"><span class='ocrx_word' id='word_1_156' title='bbox 148 1787 231 1840; x_wconf 89' lang='lat' dir='ltr'>minus</span> <span class='ocrx_word' id='word_1_157' title='bbox 260 1800 350 1878; x_wconf 90' lang='lat' dir='ltr'>quam</span> <span class='ocrx_word' id='word_1_158' title='bbox 370 1795 425 1842; x_wconf 93' lang='lat' dir='ltr'>tota</span> <span class='ocrx_word' id='word_1_159' title='bbox 452 1803 546 1842; x_wconf 89' lang='lat' dir='ltr'>manus</span> <span class='ocrx_word' id='word_1_160' title='bbox 573 1804 680 1862; x_wconf 84' lang='lat' dir='ltr'>semper</span> <span class='ocrx_word' id='word_1_161' title='bbox 700 1789 727 1841; x_wconf 92' lang='lat' dir='ltr'>in</span> <span class='ocrx_word' id='word_1_162' title='bbox 749 1786 904 1842; x_wconf 87' lang='lat' dir='ltr'>olficiot</span> <span class='ocrx_word' id='word_1_163' title='bbox 862 1795 913 1841; x_wconf 91' lang='lat' dir='ltr'>est.</span> <span class='ocrx_word' id='word_1_164' title='bbox 951 1787 1022 1841; x_wconf 92' lang='lat' dir='ltr'>unde</span> <span class='ocrx_word' id='word_1_165' title='bbox 1045 1783 1115 1857; x_wconf 91' lang='lat' dir='ltr'>apud</span> 
     </span>
     <span class='ocr_line' id='line_1_22' title="bbox 148 1857 1113 1945; baseline -0.001 -22"><span class='ocrx_word' id='word_1_166' title='bbox 148 1868 260 1926; x_wconf 85' lang='lat' dir='ltr'>Graecos</span> <span class='ocrx_word' id='word_1_167' title='bbox 293 1857 452 1942; x_wconf 64' lang='lat' dir='ltr'>dvripzrp&#39;,</span> <span class='ocrx_word' id='word_1_168' title='bbox 482 1873 584 1944; x_wconf 85' lang='lat' dir='ltr'>iuquit,¹</span> <span class='ocrx_word' id='word_1_169' title='bbox 616 1867 761 1934; x_wconf 90' lang='lat' dir='ltr'>uocatur,</span> <span class='ocrx_word' id='word_1_170' title='bbox 794 1873 870 1945; x_wconf 90' lang='lat' dir='ltr'>quasi</span> <span class='ocrx_word' id='word_1_171' title='bbox 900 1887 993 1925; x_wconf 88' lang='lat' dir='ltr'>manus</span> <span class='ocrx_word' id='word_1_172' title='bbox 1020 1871 1113 1925; x_wconf 84' lang='lat' dir='ltr'>altera.</span> 
     </span>
     <span class='ocr_line' id='line_1_23' title="bbox 147 1953 1116 2050; baseline 0 -42"><span class='ocrx_word' id='word_1_173' title='bbox 147 1953 236 2010; x_wconf 86' lang='lat' dir='ltr'>Pollici</span> <span class='ocrx_word' id='word_1_174' title='bbox 258 1971 328 2010; x_wconf 88' lang='lat' dir='ltr'>uero</span> <span class='ocrx_word' id='word_1_175' title='bbox 351 1957 454 2011; x_wconf 90' lang='lat' dir='ltr'>uicinus</span> <span class='ocrx_word' id='word_1_176' title='bbox 476 1955 614 2012; x_wconf 89' lang='lat' dir='ltr'>nuduset</span> <span class='ocrx_word' id='word_1_177' title='bbox 635 1958 692 2010; x_wconf 91' lang='lat' dir='ltr'>sine</span> <span class='ocrx_word' id='word_1_178' title='bbox 719 1958 834 2011; x_wconf 87' lang='lat' dir='ltr'>tuitione</span> <span class='ocrx_word' id='word_1_179' title='bbox 861 1955 971 2010; x_wconf 89' lang='lat' dir='ltr'>alterius</span> <span class='ocrx_word' id='word_1_180' title='bbox 999 1954 1116 2050; x_wconf 88' lang='lat' dir='ltr'>appositi</span> 
     </span>
     <span class='ocr_line' id='line_1_24' title="bbox 148 2038 1197 2117; baseline -0.001 -25"><span class='ocrx_word' id='word_1_181' title='bbox 148 2038 303 2102; x_wconf 89' lang='lat' dir='ltr'>uidebatur;</span> <span class='ocrx_word' id='word_1_182' title='bbox 321 2057 381 2094; x_wconf 90' lang='lat' dir='ltr'>uam</span> <span class='ocrx_word' id='word_1_183' title='bbox 397 2041 488 2112; x_wconf 78' lang='lat' dir='ltr'>pollex</span> <span class='ocrx_word' id='word_1_184' title='bbox 503 2042 540 2096; x_wconf 90' lang='lat' dir='ltr'>ita</span> <span class='ocrx_word' id='word_1_185' title='bbox 555 2041 668 2096; x_wconf 80' lang='lat' dir='ltr'>inferior</span> <span class='ocrx_word' id='word_1_186' title='bbox 684 2049 740 2104; x_wconf 90' lang='lat' dir='ltr'>est,</span> <span class='ocrx_word' id='word_1_187' title='bbox 758 2048 789 2094; x_wconf 94' lang='lat' dir='ltr'>ut</span> <span class='ocrx_word' id='word_1_188' title='bbox 803 2041 848 2095; x_wconf 85' lang='lat' dir='ltr'>uix</span> <span class='ocrx_word' id='word_1_189' title='bbox 864 2040 979 2094; x_wconf 88' lang='lat' dir='ltr'>radicem</span> <span class='ocrx_word' id='word_1_190' title='bbox 996 2039 1054 2096; x_wconf 82' lang='lat' dir='ltr'>eius</span> <span class='ocrx_word' id='word_1_191' title='bbox 1070 2054 1115 2092; x_wconf 82' lang='lat' dir='ltr'>ex·</span> <span class='ocrx_word' id='word_1_192' title='bbox 1195 2113 1197 2117; x_wconf 87' lang='lat'>.</span> 
     </span>
     <span class='ocr_line' id='line_1_25' title="bbox 148 2119 1114 2196; baseline 0 -20"><span class='ocrx_word' id='word_1_193' title='bbox 148 2123 228 2178; x_wconf 87' lang='lat' dir='ltr'>cedat.</span> <span class='ocrx_word' id='word_1_194' title='bbox 261 2123 378 2178; x_wconf 86' lang='lat' dir='ltr'>Medium</span> <span class='ocrx_word' id='word_1_195' title='bbox 400 2134 427 2180; x_wconf 91' lang='lat' dir='ltr'>et</span> <span class='ocrx_word' id='word_1_196' title='bbox 448 2125 585 2180; x_wconf 90' lang='lat' dir='ltr'>minimum</span> <span class='ocrx_word' id='word_1_197' title='bbox 609 2125 791 2188; x_wconf 85' lang='lat' dir='ltr'>uitauerunt&#39;,</span> <span class='ocrx_word' id='word_1_198' title='bbox 814 2126 916 2196; x_wconf 89' lang='lat' dir='ltr'>inquit,</span> <span class='ocrx_word' id='word_1_199' title='bbox 934 2119 982 2176; x_wconf 78' lang='lat' dir='ltr'>‘ut</span> <span class='ocrx_word' id='word_1_200' title='bbox 998 2123 1114 2194; x_wconf 88' lang='lat' dir='ltr'>ineptos,</span> 
     </span>
    </p>
   </div>
   <div class='ocr_carea' id='block_1_8' title="bbox 126 2203 1131 2282">
    <p class='ocr_par' dir='ltr' id='par_1_8' title="bbox 126 2203 1131 2282">
     <span class='ocr_line' id='line_1_26' title="bbox 126 2203 1131 2282; baseline -0.002 -21"><span class='ocrx_word' id='word_1_201' title='bbox 126 2263 131 2279; x_wconf 59' lang='lat'>‚</span> <span class='ocrx_word' id='word_1_202' title='bbox 148 2206 257 2281; x_wconf 86' lang='lat' dir='ltr'>alterum</span> <span class='ocrx_word' id='word_1_203' title='bbox 275 2210 475 2282; x_wconf 84' lang='lat' dir='ltr'>magnitudine,</span> <span class='ocrx_word' id='word_1_204' title='bbox 498 2203 631 2265; x_wconf 85' lang='lat' dir='ltr'>breuitate</span> <span class='ocrx_word' id='word_1_205' title='bbox 647 2208 777 2272; x_wconf 86' lang='lat' dir='ltr'>alterum,¹</span> <span class='ocrx_word' id='word_1_206' title='bbox 788 2218 815 2265; x_wconf 90' lang='lat' dir='ltr'>et</span> <span class='ocrx_word' id='word_1_207' title='bbox 831 2209 933 2263; x_wconf 85' lang='lat' dir='ltr'>electus</span> <span class='ocrx_word' id='word_1_208' title='bbox 949 2214 1005 2268; x_wconf 89' lang='lat' dir='ltr'>cst,</span> <span class='ocrx_word' id='word_1_209' title='bbox 1023 2207 1069 2278; x_wconf 89' lang='lat' dir='ltr'>qui</span> <span class='ocrx_word' id='word_1_210' title='bbox 1083 2204 1131 2260; x_wconf 85' lang='lat' dir='ltr'>ab·</span> 
     </span>
    </p>
   </div>
   <div class='ocr_carea' id='block_1_9' title="bbox 146 2290 1194 2451">
    <p class='ocr_par' dir='ltr' id='par_1_9' title="bbox 146 2290 1194 2451">
     <span class='ocr_line' id='line_1_27' title="bbox 147 2290 1115 2368; baseline 0 -24"><span class='ocrx_word' id='word_1_211' title='bbox 147 2299 263 2366; x_wconf 87' lang='lat' dir='ltr'>utroque</span> <span class='ocrx_word' id='word_1_212' title='bbox 285 2292 420 2348; x_wconf 81' lang='lat' dir='ltr'>clauditur</span> <span class='ocrx_word' id='word_1_213' title='bbox 440 2303 467 2349; x_wconf 88' lang='lat' dir='ltr'>et</span> <span class='ocrx_word' id='word_1_214' title='bbox 484 2295 570 2349; x_wconf 87' lang='lat' dir='ltr'>miuus</span> <span class='ocrx_word' id='word_1_215' title='bbox 588 2293 668 2349; x_wconf 80' lang='lat' dir='ltr'>officii</span> <span class='ocrx_word' id='word_1_216' title='bbox 692 2295 762 2368; x_wconf 90' lang='lat' dir='ltr'>gerit</span> <span class='ocrx_word' id='word_1_217' title='bbox 782 2302 809 2349; x_wconf 86' lang='lat' dir='ltr'>et</span> <span class='ocrx_word' id='word_1_218' title='bbox 831 2294 892 2347; x_wconf 90' lang='lat' dir='ltr'>ideo</span> <span class='ocrx_word' id='word_1_219' title='bbox 914 2290 1048 2347; x_wconf 87' lang='lat' dir='ltr'>seruando</span> <span class='ocrx_word' id='word_1_220' title='bbox 1070 2307 1115 2345; x_wconf 90' lang='lat' dir='ltr'>au·</span> 
     </span>
     <span class='ocr_line' id='line_1_28' title="bbox 146 2373 1194 2451; baseline -0.002 -21"><span class='ocrx_word' id='word_1_221' title='bbox 146 2376 208 2432; x_wconf 89' lang='lat' dir='ltr'>uulo</span> <span class='ocrx_word' id='word_1_222' title='bbox 224 2378 314 2450; x_wconf 87' lang='lat' dir='ltr'>magis</span> <span class='ocrx_word' id='word_1_223' title='bbox 330 2379 547 2433; x_wconf 87' lang='lat' dir='ltr'>accommodatus</span> <span class='ocrx_word' id='word_1_224' title='bbox 564 2379 628 2433; x_wconf 89' lang='lat' dir='ltr'>cst’.</span> <span class='ocrx_word' id='word_1_225' title='bbox 651 2378 722 2434; x_wconf 88' lang='lat' dir='ltr'>llaec</span> <span class='ocrx_word' id='word_1_226' title='bbox 737 2386 809 2441; x_wconf 89' lang='lat' dir='ltr'>suut,</span> <span class='ocrx_word' id='word_1_227' title='bbox 827 2394 895 2451; x_wconf 90' lang='lat' dir='ltr'>quae</span> <span class='ocrx_word' id='word_1_228' title='bbox 911 2377 991 2432; x_wconf 89' lang='lat' dir='ltr'>lectio</span> <span class='ocrx_word' id='word_1_229' title='bbox 1006 2373 1115 2449; x_wconf 83' lang='lat' dir='ltr'>pontifi·</span> <span class='ocrx_word' id='word_1_230' title='bbox 1192 2393 1194 2398; x_wconf 68' lang='grc'>’</span> 
     </span>
    </p>
   </div>
   <div class='ocr_carea' id='block_1_10' title="bbox 25 2413 808 2542">
    <p class='ocr_par' dir='ltr' id='par_1_10' title="bbox 25 2413 808 2542">
     <span class='ocr_line' id='line_1_29' title="bbox 25 2413 808 2542; baseline -0.001 -25"><span class='ocrx_word' id='word_1_231' title='bbox 25 2413 27 2428; x_wconf 89' lang='lat'><em>·</em></span> <span class='ocrx_word' id='word_1_232' title='bbox 101 2451 117 2542; x_wconf 30' lang='lat'>.&#39;</span> <span class='ocrx_word' id='word_1_233' title='bbox 148 2461 208 2515; x_wconf 89' lang='lat' dir='ltr'>calis</span> <span class='ocrx_word' id='word_1_234' title='bbox 225 2461 318 2517; x_wconf 84' lang='lat' dir='ltr'>hahet.</span> <span class='ocrx_word' id='word_1_235' title='bbox 337 2462 508 2533; x_wconf 66' lang='lat' dir='ltr'>-llacroln</span> <span class='ocrx_word' id='word_1_236' title='bbox 527 2463 583 2518; x_wconf 89' lang='lat' dir='ltr'>Sat.</span> <span class='ocrx_word' id='word_1_237' title='bbox 600 2463 628 2526; x_wconf 80' lang='lat'>7,</span> <span class='ocrx_word' id='word_1_238' title='bbox 647 2463 695 2520; x_wconf 88' lang='lat'>13.</span> <span class='ocrx_word' id='word_1_239' title='bbox 713 2463 740 2533; x_wconf 64' lang='lat'>3.</span> <span class='ocrx_word' id='word_1_240' title='bbox 760 2465 808 2518; x_wconf 93' lang='grc'>11.</span> 
     </span>
    </p>
   </div>
   <div class='ocr_carea' id='block_1_11' title="bbox 145 2542 1116 3291">
    <p class='ocr_par' dir='ltr' id='par_1_11' title="bbox 145 2542 1115 2872">
     <span class='ocr_line' id='line_1_30' title="bbox 211 2542 1115 2622; baseline -0.004 -20"><span class='ocrx_word' id='word_1_241' title='bbox 211 2542 251 2602; x_wconf 93' lang='lat' dir='ltr'>ll.</span> <span class='ocrx_word' id='word_1_242' title='bbox 277 2545 419 2602; x_wconf 89' lang='lat' dir='ltr'>Praeterea</span> <span class='ocrx_word' id='word_1_243' title='bbox 435 2546 528 2620; x_wconf 85' lang='lat' dir='ltr'>Capito</span> <span class='ocrx_word' id='word_1_244' title='bbox 544 2549 638 2602; x_wconf 85' lang='lat' dir='ltr'>Ateius</span> <span class='ocrx_word' id='word_1_245' title='bbox 654 2549 783 2620; x_wconf 87' lang='lat' dir='ltr'>scripturn</span> <span class='ocrx_word' id='word_1_246' title='bbox 807 2546 930 2620; x_wconf 89' lang='lat' dir='ltr'>reliquit,</span> <span class='ocrx_word' id='word_1_247' title='bbox 948 2550 1042 2617; x_wconf 78' lang='lat' dir='ltr'>&#39;nequa</span> <span class='ocrx_word' id='word_1_248' title='bbox 1056 2546 1115 2622; x_wconf 85' lang='lat' dir='ltr'>eius</span> 
     </span>
     <span class='ocr_line' id='line_1_31' title="bbox 147 2628 1115 2728; baseline 0.001 -46"><span class='ocrx_word' id='word_1_249' title='bbox 147 2628 287 2702; x_wconf 87' lang='lat' dir='ltr'>legendam</span> <span class='ocrx_word' id='word_1_250' title='bbox 312 2628 392 2699; x_wconf 83' lang='lat' dir='ltr'>liliam</span> <span class='ocrx_word' id='word_1_251' title='bbox 420 2630 468 2704; x_wconf 87' lang='lat' dir='ltr'>(sc.</span> <span class='ocrx_word' id='word_1_252' title='bbox 491 2633 623 2706; x_wconf 86' lang='lat' dir='ltr'>virginem</span> <span class='ocrx_word' id='word_1_253' title='bbox 644 2631 798 2728; x_wconf 85' lang='lat' dir='ltr'>Vestalem),</span> <span class='ocrx_word' id='word_1_254' title='bbox 827 2633 874 2704; x_wconf 92' lang='lat' dir='ltr'>qui</span> <span class='ocrx_word' id='word_1_255' title='bbox 901 2630 1066 2685; x_wconf 80' lang='lat' dir='ltr'>domicilium</span> <span class='ocrx_word' id='word_1_256' title='bbox 1088 2631 1115 2684; x_wconf 89' lang='lat' dir='ltr'>iu</span> 
     </span>
     <span class='ocr_line' id='line_1_32' title="bbox 145 2710 1115 2790; baseline 0.002 -25"><span class='ocrx_word' id='word_1_257' title='bbox 145 2710 218 2768; x_wconf 87' lang='lat' dir='ltr'>ltalia</span> <span class='ocrx_word' id='word_1_258' title='bbox 232 2731 289 2770; x_wconf 89' lang='lat' dir='ltr'>nou</span> <span class='ocrx_word' id='word_1_259' title='bbox 304 2714 430 2780; x_wconf 71' lang='lat' dir='ltr'>halteret,</span> <span class='ocrx_word' id='word_1_260' title='bbox 454 2724 480 2771; x_wconf 87' lang='lat' dir='ltr'>et</span> <span class='ocrx_word' id='word_1_261' title='bbox 506 2715 723 2774; x_wconf 82' lang='lat' dir='ltr'>excusandam</span> <span class='ocrx_word' id='word_1_262' title='bbox 700 2733 767 2778; x_wconf 90' lang='lat' dir='ltr'>ems,</span> <span class='ocrx_word' id='word_1_263' title='bbox 786 2717 833 2790; x_wconf 90' lang='lat' dir='ltr'>qui</span> <span class='ocrx_word' id='word_1_264' title='bbox 847 2714 947 2771; x_wconf 89' lang='lat' dir='ltr'>liberos</span> <span class='ocrx_word' id='word_1_265' title='bbox 963 2722 1018 2769; x_wconf 88' lang='lat' dir='ltr'>tros</span> <span class='ocrx_word' id='word_1_266' title='bbox 1036 2713 1115 2768; x_wconf 84' lang='lat' dir='ltr'>haho-</span> 
     </span>
     <span class='ocr_line' id='line_1_33' title="bbox 147 2793 608 2892; baseline 0.014 -42"><span class='ocrx_word' id='word_1_267' title='bbox 147 2793 272 2852; x_wconf 75' lang='lat' dir='ltr'>ret.⁶—-</span> <span class='ocrx_word' id='word_1_268' title='bbox 291 2799 357 2855; x_wconf 87' lang='lat' dir='ltr'>Gell.</span> <span class='ocrx_word' id='word_1_269' title='bbox 378 2800 471 2863; x_wconf 78' lang='lat'>1,12.</span> <span class='ocrx_word' id='word_1_270' title='bbox 489 2801 517 2892; x_wconf 67' lang='lat' dir='ltr'>S.</span> <span class='ocrx_word' id='word_1_271' title='bbox 535 2802 608 2858; x_wconf 84' lang='lat'>8.</span> 
     </span>
    </p>

    <p class='ocr_par' dir='ltr' id='par_1_12' title="bbox 147 2871 1116 3291">
     <span class='ocr_line' id='line_1_34' title="bbox 206 2871 1116 2984; baseline -0.003 -44"><span class='ocrx_word' id='word_1_272' title='bbox 206 2880 253 2940; x_wconf 97' lang='grc'>12</span> <span class='ocrx_word' id='word_1_273' title='bbox 280 2871 384 2938; x_wconf 83' lang='grc' dir='ltr'>Δια</span> <span class='ocrx_word' id='word_1_274' title='bbox 353 2903 380 2939; x_wconf 88' lang='grc' dir='ltr'>τι</span> <span class='ocrx_word' id='word_1_275' title='bbox 401 2871 417 2938; x_wconf 86' lang='grc' dir='ltr'>ὁ</span> <span class='ocrx_word' id='word_1_276' title='bbox 437 2872 533 2984; x_wconf 76' lang='grc' dir='ltr'><em>ἷερεύς</em></span> <span class='ocrx_word' id='word_1_277' title='bbox 552 2881 605 2941; x_wconf 80' lang='grc' dir='ltr'>τοῦ</span> <span class='ocrx_word' id='word_1_278' title='bbox 659 2885 717 2942; x_wconf 84' lang='lat' dir='ltr'>Cur</span> <span class='ocrx_word' id='word_1_279' title='bbox 745 2883 1116 2957; x_wconf 69' lang='lat' dir='ltr'>ttamen··1)iolis‚ux0re</span> 
     </span>
     <span class='ocr_line' id='line_1_35' title="bbox 148 2953 1116 3060; baseline 0.004 -42"><span class='ocrx_word' id='word_1_280' title='bbox 148 2953 220 3034; x_wconf 82' lang='grc' dir='ltr'>Διὸς</span> <span class='ocrx_word' id='word_1_281' title='bbox 234 2955 543 3061; x_wconf 79' lang='grc' dir='ltr'><strong><em>ἇττοθανούσηςαυτῳ</em></strong></span> <span class='ocrx_word' id='word_1_282' title='bbox 554 2966 606 3040; x_wconf 79' lang='grc' dir='ltr'>τῆς</span> <span class='ocrx_word' id='word_1_283' title='bbox 657 2979 730 3026; x_wconf 86' lang='lat' dir='ltr'>mort</span> <span class='ocrx_word' id='word_1_284' title='bbox 732 2989 784 3040; x_wconf 83' lang='lat' dir='ltr'>uo,</span> <span class='ocrx_word' id='word_1_285' title='bbox 820 2973 948 3042; x_wconf 76' lang='lat' dir='ltr'>fluminio</span> <span class='ocrx_word' id='word_1_286' title='bbox 984 2969 1116 3024; x_wconf 77' lang='lat' dir='ltr'>decedit?</span> 
     </span>
     <span class='ocr_line' id='line_1_36' title="bbox 147 3040 1062 3150; baseline 0.004 -45"><span class='ocrx_word' id='word_1_287' title='bbox 147 3041 295 3150; x_wconf 77' lang='grc' dir='ltr'><strong><em>γυναικός,</em></strong></span> <span class='ocrx_word' id='word_1_288' title='bbox 310 3040 514 3110; x_wconf 68' lang='lat' dir='ltr'>oduaridem</span> <span class='ocrx_word' id='word_1_289' title='bbox 484 3073 538 3126; x_wconf 85' lang='grc' dir='ltr'>την</span> <span class='ocrx_word' id='word_1_290' title='bbox 553 3043 604 3127; x_wconf 77' lang='grc' dir='ltr'>ἄρ·</span> <span class='ocrx_word' id='word_1_291' title='bbox 657 3059 699 3111; x_wconf 82' lang='lat' dir='ltr'>sic</span> <span class='ocrx_word' id='word_1_292' title='bbox 721 3060 794 3110; x_wconf 82' lang='lat' dir='ltr'>enim</span> <span class='ocrx_word' id='word_1_293' title='bbox 816 3056 915 3110; x_wconf 82' lang='lat' dir='ltr'>Ateius</span> <span class='ocrx_word' id='word_1_294' title='bbox 937 3056 1062 3109; x_wconf 73' lang='lat' dir='ltr'>tradidit.</span> 
     </span>
     <span class='ocr_line' id='line_1_37' title="bbox 154 3124 633 3215; baseline 0.007 -8"><span class='ocrx_word' id='word_1_295' title='bbox 154 3124 216 3207; x_wconf 70' lang='lat' dir='ltr'>triv,</span> <span class='ocrx_word' id='word_1_296' title='bbox 247 3125 285 3203; x_wconf 74' lang='grc' dir='ltr'>ὦς</span> <span class='ocrx_word' id='word_1_297' title='bbox 316 3125 361 3215; x_wconf 80' lang='grc' dir='ltr'>(Ἀ</span> <span class='ocrx_word' id='word_1_298' title='bbox 362 3131 461 3213; x_wconf 76' lang='grc' dir='ltr'>)τη’ϊῡς</span> <span class='ocrx_word' id='word_1_299' title='bbox 486 3130 633 3210; x_wconf 69' lang='grc' dir='ltr'><strong><em>ἱστόρη-</em></strong></span> 
     </span>
     <span class='ocr_line' id='line_1_38' title="bbox 154 3215 603 3291; baseline 0.02 -18"><span class='ocrx_word' id='word_1_300' title='bbox 154 3237 208 3288; x_wconf 71' lang='grc' dir='ltr'><strong><em>τενς</em></strong></span> <span class='ocrx_word' id='word_1_301' title='bbox 211 3215 403 3280; x_wconf 81' lang='lat' dir='ltr'>⁶-.Plutareh</span> <span class='ocrx_word' id='word_1_302' title='bbox 413 3223 463 3291; x_wconf 82' lang='lat' dir='ltr'>ou.</span> <span class='ocrx_word' id='word_1_303' title='bbox 473 3222 549 3278; x_wconf 86' lang='lat' dir='ltr'>Rom.</span> <span class='ocrx_word' id='word_1_304' title='bbox 554 3223 603 3282; x_wconf 86' lang='lat'>50</span> 
     </span>
    </p>
   </div>
   <div class='ocr_carea' id='block_1_12' title="bbox 150 3351 339 3380">
    <p class='ocr_par' dir='ltr' id='par_1_13' title="bbox 150 3351 339 3380">
     <span class='ocr_line' id='line_1_39' title="bbox 150 3351 339 3380; baseline 0 -22"><span class='ocrx_word' id='word_1_305' title='bbox 150 3351 339 3380; x_wconf 39' lang='lat' dir='ltr'><em>Q</em></span> 
     </span>
    </p>
   </div>
   <div class='ocr_carea' id='block_1_13' title="bbox 150 3415 1117 3554">
    <p class='ocr_par' dir='ltr' id='par_1_14' title="bbox 150 3415 1117 3554">
     <span class='ocr_line' id='line_1_40' title="bbox 150 3415 1115 3487; baseline -0.001 -18.987"><span class='ocrx_word' id='word_1_306' title='bbox 150 3415 173 3482; x_wconf 82' lang='lat'>⁴)</span> <span class='ocrx_word' id='word_1_307' title='bbox 187 3435 245 3482; x_wconf 89' lang='lat' dir='ltr'>quos</span> <span class='ocrx_word' id='word_1_308' title='bbox 259 3420 322 3485; x_wconf 83' lang='lat' dir='ltr'>(pro</span> <span class='ocrx_word' id='word_1_309' title='bbox 336 3439 350 3486; x_wconf 87' lang='lat' dir='ltr'><strong>q</strong></span> <span class='ocrx_word' id='word_1_310' title='bbox 364 3437 412 3482; x_wconf 85' lang='lat' dir='ltr'>eos,</span> <span class='ocrx_word' id='word_1_311' title='bbox 426 3422 538 3487; x_wconf 75' lang='lat' dir='ltr'>utputo)</span> <span class='ocrx_word' id='word_1_312' title='bbox 553 3424 617 3472; x_wconf 83' lang='lat' dir='ltr'>solos</span> <span class='ocrx_word' id='word_1_313' title='bbox 630 3423 688 3471; x_wconf 85' lang='lat' dir='ltr'>fides</span> <span class='ocrx_word' id='word_1_314' title='bbox 702 3423 796 3472; x_wconf 84' lang='lat' dir='ltr'>deceret</span> <span class='ocrx_word' id='word_1_315' title='bbox 810 3421 936 3483; x_wconf 74' lang='lat' dir='ltr'>(decernet</span> <span class='ocrx_word' id='word_1_316' title='bbox 939 3428 959 3467; x_wconf 89' lang='lat' dir='ltr'>et</span> <span class='ocrx_word' id='word_1_317' title='bbox 973 3422 1005 3467; x_wconf 83' lang='lat' dir='ltr'>al.</span> <span class='ocrx_word' id='word_1_318' title='bbox 1024 3419 1060 3466; x_wconf 83' lang='lat' dir='ltr'>dis</span> <span class='ocrx_word' id='word_1_319' title='bbox 1051 3435 1115 3467; x_wconf 63' lang='lat' dir='ltr'>²¹-cer</span> 
     </span>
     <span class='ocr_line' id='line_1_41' title="bbox 151 3485 1117 3554; baseline 0 -20"><span class='ocrx_word' id='word_1_320' title='bbox 151 3487 325 3553; x_wconf 76' lang='lat' dir='ltr'>peretot).ed</span> <span class='ocrx_word' id='word_1_321' title='bbox 339 3490 398 3539; x_wconf 86' lang='lat' dir='ltr'>Ian.</span> <span class='ocrx_word' id='word_1_322' title='bbox 441 3489 461 3554; x_wconf 69' lang='grc'>5)</span> <span class='ocrx_word' id='word_1_323' title='bbox 476 3491 581 3539; x_wconf 82' lang='lat' dir='ltr'>Malim:</span> <span class='ocrx_word' id='word_1_324' title='bbox 593 3492 722 3551; x_wconf 83' lang='lat' dir='ltr'>signatura.</span> <span class='ocrx_word' id='word_1_325' title='bbox 764 3489 1052 3552; x_wconf 75' lang='lat' dir='ltr'>⁸)Hoeequoqueeact</span> <span class='ocrx_word' id='word_1_326' title='bbox 1043 3485 1117 3535; x_wconf 81' lang='lat' dir='ltr'>tibris</span> 
     </span>
    </p>
   </div>
   <div class='ocr_carea' id='block_1_14' title="bbox 0 0 1298 3954">
    <p class='ocr_par' dir='ltr' id='par_1_15' title="bbox 0 0 1298 3954">
     <span class='ocr_line' id='line_1_42' title="bbox 0 0 1298 3954; baseline 0 1"><span class='ocrx_word' id='word_1_327' title='bbox 0 0 1298 3954; x_wconf 95' lang='lat' dir='ltr'> </span> 
     </span>
    </p>
   </div>
  </div>
 </body>
</html>
