2590 4286
186 110 235 160 ios
415 95 545 158 'renem
564 121 621 156 rvr.
641 121 705 157 uon.
725 120 819 157 vauro.
838 105 896 155 295.

186 264 265 335 filiae,
282 281 360 338 quam
377 263 469 320 habuit
485 280 515 318 ac
529 263 640 318 retinuit
655 264 682 318 iu
697 268 847 335 potestate,
869 261 995 324 donauit,
1012 277 1073 316 cum
1094 277 1162 316 eam

186 350 359 406 donatiouem
374 356 538 405 testamento
554 364 609 403 non
629 345 829 411 confirmasset,
850 344 919 402 tiliae
940 364 995 402 non
1012 359 1089 407 esse,
1113 363 1162 401 re·

186 435 293 509 spondi.
310 451 370 489 nam
386 444 414 489 et
428 435 532 508 peculia
547 451 602 489 non
616 432 771 506 praelegata
787 434 938 488 communia
958 433 1071 488 fratrum
1092 447 1162 487 esse

186 518 335 577 constabat,
346 511 385 552 666
401 520 511 576 Diuersa
526 521 595 574 ratio
611 525 654 574 est
669 524 764 574 contra
779 518 869 592 legem
876 517 991 572 Cinciam
1007 517 1091 572 iactae
1107 517 1163 572 do·

185 606 316 660 nationis:
332 610 398 659 tunc
413 606 483 661 euim
499 605 686 677 exceptionem
707 603 855 658 uoluntatis
875 603 1077 677 perseuerantia
1098 601 1165 658 doli

186 689 360 762 replicatione
381 689 498 762 perimit
531 687 645 745 ’Veram
668 679 746 744 cum⁴
767 695 844 761 pater
864 685 939 749 liliis,
971 704 1040 763 quos
1062 685 1164 742 habuit

187 791 217 829 ac
227 774 361 828 retinurt
354 789 381 828 in
393 782 543 846 potestate
561 773 657 836 donat,
674 771 739 828 nihil
754 773 880 845 prodest,
908 779 964 849 n'on
985 774 1084 828 mutari
1105 790 1161 828 uo-

186 859 274 914 luntat
234 865 326 919 ta‚tem
344 860 485 930 quoniam,
503 856 575 932 quod
591 859 747 932 praecessit
765 864 852 912 totum
867 859 977 914 inritum
993 865 1046 913 est
1082 847 1159 914 unde
1224 891 1230 894 -

188 959 248 998 oum
270 939 369 997 filius
361 959 389 998 m
410 942 544 998 diuisione
565 943 699 1000 bonorum
721 958 805 1016 penes
826 941 878 998 irat
867 950 950 1004 t,rem
979 943 1053 1017 quod
1075 953 1158 1016 pater

187 1027 349 1086 donauerat.
371 1045 464 1083 errore
483 1030 583 1101 lapsus,
605 1029 728 1102 reliquit,
749 1027 904 1100 portionem
926 1029 984 1084 eius
1011 1045 1066 1084 non
1094 1043 1158 1083 esse

187 1119 290 1184 ceptam
315 1126 382 1176 usu,
413 1111 508 1169 Seruio
535 1112 660 1186 ¹Sulpicio
689 1113 804 1186 placuit;
844 1113 918 1184 quo'd
954 1130 1044 1188 neque
1072 1112 1160 1168 irater

70 1206 178 1264 [amasa.
189 1198 247 1270 ipse
269 1196 431 1260 donauerat,
459 1215 548 1271 neque
573 1205 651 1271 pater
676 1197 777 1252 donare
801 1192 940 1270 poterat⁵
968 1191 972 1276 )
1001 1197 1054 1253 Gur
1087 1214 1157 1272 ergo

186 1282 260 1357 quod
286 1284 326 1336 uir
347 1281 424 1338 uxori
446 1283 533 1344 dedit,
556 1289 643 1337 morte
663 1282 756 1338 soluto
777 1282 962 1346 matrimonio,
981 1284 1004 1336 si
1029 1282 1157 1338 uoluntas

186 1369 387 1465 perseuerauit,
363 1366 471 1423 lim
486 1361 671 1422 decimarum
692 1366 791 1422 auferri
806 1383 862 1421 non
885 1373 1027 1441 oportere,
1048 1369 1159 1422 maximi

186 1453 322 1526 principes
350 1454 437 1508 nostri
465 1459 624 1515 suaserunt,
658 1459 685 1507 et
712 1452 749 1506 ita
775 1459 883 1506 senatus
912 1445 1054 1507 censuiti⁷
1102 1451 1158 1508 Sed

187 1537 313 1592 nimirum
341 1537 432 1600 liberi,
467 1539 511 1611 qui
543 1535 678 1610 repulsam
711 1536 865 1591 donationis
898 1537 1057 1592 auctoritate
1088 1537 1157 1592 iuris

189 1620 323 1684 tulerunt,
347 1621 405 1676 aliis
427 1620 575 1686 rationibus
598 1619 630 1676 ad
652 1620 722 1676 bona
742 1621 825 1694 patris
846 1623 1024 1696 perueniunt;
1048 1637 1078 1676 ac
1097 1623 1158 1695 ple-

186 1707 264 1778 rique
292 1706 353 1780 plus
384 1706 480 1762 haltere
505 1707 590 1780 'quarn
619 1705 716 1761 fratres
747 1707 842 1779 iurgiis
879 1706 1013 1762 eiusmodi
1042 1714 1158 1762 conten·

187 1790 264 1846 dunt.

87 1869 177 1949 ⁸53⁸·
248 1871 316 1932 295.
341 1869 443 1950 ⁷lmpp.
461 1874 578 1930 Seuerus
595 1882 622 1930 et
638 1877 790 1929 Antoninus
812 1875 902 1950 Augg.
927 1875 1007 1931 Atilio
1031 1869 1158 1932 ’Natali8

90 1953 293 2016 ruranmffitia
324 1960 352 2016 Si
367 1960 451 2015 frater
466 1967 529 2014 tuus
541 1961 569 2014 in
580 1966 718 2031 potestate
732 1960 816 2033 patris
833 1961 859 2014 iu
883 1959 953 2016 diem
974 1962 1070 2017 mortis
1092 1977 1156 2033 per·

186 2047 333 2107 seuerauit,
351 2045 523 2115 donationes,
542 2061 606 2118 quas
623 2054 728 2118 epatre
748 2047 775 2100 iu
797 2061 858 2100 eum
880 2046 1000 2101 conlatas
1022 2062 1083 2101 esse
1109 2045 1156 2100 ad·

187 2127 284 2193 firmas,
306 2129 406 2184 nullius
428 2146 487 2184 esse
508 2132 651 2192 momenti,
675 2129 798 2185 dubitare
814 2146 869 2184 non
890 2129 984 2186 debes.
1014 2129 1047 2185 de
1068 2132 1155 2202 patris

187 2217 272 2290 igitur
288 2214 365 2269 bonis
382 2212 537 2269 diuidendis
553 2231 613 2270 cnm
629 2215 711 2268 fratre
726 2223 774 2270 tuo
791 2213 861 2286 apud
884 2215 1088 2290 ’clarissimum
1110 2220 1152 2270 ui-

163 2465 165 2470 '
187 2465 220 2514 D.
236 2480 288 2528 pro
306 2464 361 2515 laer.
381 2460 424 2526 (41,
444 2462 475 2525 5),
503 2466 536 2513 L.
557 2474 575 2516 1.
597 2463 623 2528 3.
645 2474 662 2514 1,
680 2464 713 2512 D.
729 2480 780 2528 pro
800 2465 859 2516 don.
879 2461 921 2526 (tt,
941 2463 973 2528 6).
1010 2465 1079 2525 Quae
1098 2468 1156 2517 loca

188 2533 270 2582 omnia
287 2537 406 2595 spectant
423 2539 528 2582 testato·
539 2533 684 2595 defunctam
700 2539 809 2595 patrem.
841 2531 880 2593 Cf.
904 2531 1003 2582 Wenclc
1020 2534 1107 2596 praes.
1121 2537 1158 2584 ad

188 2599 319 2651 Haaoota.
338 2615 399 2664 opp.
416 2617 444 2664 p.
457 2599 524 2650 LII.
538 2607 564 2648 et
575 2600 661 2656 schot,
681 2601 800 2664 quoditie
813 2606 851 2649 est
862 2601 889 2648 in
901 2617 996 2664 marp:
1015 2601 1073 2651 Hic:
1093 2603 1153 2652 nihil

188 2669 333 2730 prodessen
319 2669 474 2717 filiofamilias
493 2668 612 2725 donatum,
632 2669 651 2716 si
672 2675 679 2715 t
699 2669 724 2730 (i.
738 2684 759 2717 e.
779 2665 928 2732 testamento)
943 2685 990 2718 non
1003 2671 1156 2719 confirmetur

189 2736 296 2794 donatio,
319 2738 426 2799 quamuis
448 2743 515 2798 pater
536 2751 582 2784 non
604 2738 729 2784 mutauerit
756 2737 907 2785 uoluntatem
958 2737 986 2784 Et
1012 2747 1157 2801 sequensei

189 2805 263 2854 tertia
299 2806 362 2853 lulra
381 2821 392 2852 r
412 2818 464 2866 pag.
484 2803 510 2850 ll.
530 2805 558 2852 ad
577 2813 654 2853 notam
673 2806 759 2854 similis
778 2805 849 2860 huic;
874 2802 990 2867 ineiipit)
1017 2807 1113 2856 adnot
1133 2822 1155 2870 q.

189 2868 231 2931 166)
250 2870 290 2932 Cf.
310 2873 341 2920 L.
358 2879 389 2922 13.
408 2870 436 2918 C.
454 2871 516 2931 fana
535 2887 587 2921 erc.
609 2872 639 2934 (,3
609 2870 704 2935 (36).
773 2865 798 2932 6)
816 2873 872 2921 Ciam
891 2873 948 2922 eda.
975 2871 1083 2936 Scripsi,
1102 2890 1155 2922 curn

189 2939 214 2985 in
231 2939 290 2986 Vat.
310 2939 470 2987 sitsecnnda
488 2955 562 2989 mann
580 2940 704 3004 perimitur
722 2956 783 2992 cum.
843 2938 918 3002 ⁵)In
935 2957 1013 3003 marp.
1032 2941 1155 3002 inferiore

196 3006 227 3054 V.
246 3005 368 3054 librarius
386 3010 506 3054 calamum
524 3013 666 3071 explorans
687 3010 793 3072 scripsit
811 3019 909 3058 crenus.
982 3007 1032 3072 6“)
1022 3024 1039 3060 a.
1053 3024 1075 3057 e,
1095 3011 1156 3058 dan-

190 3079 268 3121 taaeat
287 3075 348 3132 (non
366 3071 445 3140 ultra)
469 3077 579 3124 decimas
593 3076 736 3137 honoram,
761 3092 824 3140 qaas
847 3076 947 3125 omnino
970 3077 1057 3126 martis
1080 3093 1157 3128 cansa

186 3141 240 3191 viro
254 3147 280 3190 et
291 3143 370 3190 emori
380 3145 484 3192 invicem
496 3159 591 3206 capere
603 3159 652 3206 per
664 3146 732 3206 lepos
745 3145 897 3193 decimantes
909 3144 976 3196 iicet.
997 3143 1038 3207 Of.
1053 3145 1112 3208 erp.
1125 3156 1155 3194 15.

187 3208 260 3273 Erpa
273 3211 341 3273 quad
352 3211 495 3260 excedebat
508 3213 624 3269 decimas,
639 3227 674 3260 cae
686 3211 753 3261 Sero
766 3229 815 3261 non
829 3211 1028 3264 convalescebat,
1082 3213 1102 3275 ⁷)
1118 3213 1157 3276 Os,

187 3277 219 3325 L.
233 3286 265 3326 32.
280 3275 360 3340 §San
374 3290 393 3330 r.
407 3288 438 3330 rr.
456 3279 491 3330 Ι),
505 3281 536 3328 de
555 3281 613 3328 dan.
627 3280 672 3329 tna,
686 3283 732 3329 vir.
753 3281 796 3339 (n,
811 3281 841 3340 r).
867 3277 893 3342 g.
907 3288 952 3328 eac.
1023 3278 1043 3342 8)
1066 3281 1111 3330 Ea
1123 3283 1156 3343 ο).

187 3343 284 3394 Baedlt.
305 3348 370 3395 palili
389 3347 449 3396 Vat.
520 3344 540 3408 6)
561 3346 645 3396 Sciat.
665 3349 691 3396 in
708 3364 802 3412 mara:
820 3349 863 3396 llic
877 3349 945 3410 qaod
958 3343 1054 3411 (quincue
1067 3349 1156 3399 Morus.

187 3412 238 3475 ed.)
257 3428 336 3476 snpra
354 3410 400 3476 (se.
419 3421 533 3464 notatam
552 3415 610 3480 est).
645 3415 683 3476 Cf.
701 3423 752 3466 nat.
772 3425 815 3464 162.
