2634 3974
191 111 245 160 eat
482 125 557 162 inem
575 123 679 160 asenna
699 120 777 162 suun.
796 109 822 158 v.
841 110 866 156 4.

195 275 285 325 autem
311 267 490 341 appellatione
518 268 619 328 omnia,
646 283 678 322 ex
705 265 803 338 quibus
828 265 909 320 saluti
928 265 1045 321 hominis
1068 267 1168 322 noceri
1252 232 1273 302 (τ

193 354 297 428 possit,
325 353 500 424 aoeipiuntun.
553 347 583 406 4.
608 344 790 424 ⁴lieeeptones
806 365 1013 424 aggressorum,
1041 351 1167 423 itemque
1268 363 1273 390 2

195 437 331 494 latronum
352 435 445 490 eadem
462 451 549 508 poena
564 433 731 498 alliciuntur,
756 451 808 508 qua
822 436 874 508 ipsi
889 434 1023 492 latrones:
1047 433 1166 504 sublatis
1265 493 1269 500 ,

196 523 266 580 enlm
278 518 483 592 susceptoribus
495 510 676 592 grassatstium
688 519 786 594 cupido
798 519 974 592 conquiescit.
1013 515 1040 576 5.
1056 511 1166 574 tumes

195 605 241 662 uel
266 613 390 678 raptores
415 602 569 660 balnearum
590 604 750 681 plenumque
770 603 956 658 in'metallum
977 605 1070 658 autin
1091 619 1166 676 opus

195 689 333 764 publicum
349 689 516 743 damnantur.
554 689 631 744 'uam
646 680 868 761 nonnumquam⁶
881 705 933 762 pro
949 687 1101 760 frequentia
1116 685 1164 742 atl-

196 775 341 828 missorum
355 772 497 830 iudicantis
513 774 647 828 sententia
669 765 880 846 'temperatus'
922 767 952 828 6.
975 765 1165 834 ⁸lneentliarii.

90 867 92 872 ’
196 859 243 932 qui
257 857 383 916 consulto
399 857 551 914 incendium
567 856 702 920 tuterunt,
725 873 830 912 summo
846 856 979 930 supplicio
995 855 1160 912 allicientem

196 942 294 1016 quodsi
305 943 407 996 ineunia
422 935 644 997 ’instituerunt
660 943 730 1015 iguis
743 943 867 1004 suaserit,
885 933 1168 997 'domino'aedium1⁰

196 1028 322 1096 damnum
334 1026 468 1096 eiusmodi
483 1028 576 1091 sueini
590 1026 700 1100 placuit.

503 1179 566 1224 nin.
583 1177 625 1219 m.
662 1173 857 1221 autumnus.

259 1262 283 1324 1.
310 1257 451 1328 ¹lniuriom
471 1263 588 1336 patimur
608 1270 655 1318 nut
674 1264 703 1318 in
725 1279 824 1336 eorpus
841 1269 887 1317 aut
903 1269 979 1317 entra
993 1277 1120 1334 eorpusz.
1134 1265 1165 1320 in

196 1367 295 1422 eorpus
318 1347 474 1405 uerberibus
495 1355 523 1402 et
543 1347 665 1404 illatione
684 1348 788 1421 stupri;
816 1355 892 1402 entra
912 1363 1011 1420 eorpus
1032 1348 1164 1402 conuiuis

197 1442 224 1491 et
245 1433 355 1490 famosis
377 1430 488 1489 libellis:
516 1431 590 1503 quod
605 1447 638 1486 ex
653 1430 748 1489 allecta
766 1431 977 1504 uniuscuiusque
992 1431 1121 1504 patientis
1134 1439 1166 1490 et

196 1517 318 1574 lenientis
340 1516 506 1572 aestimatur.
532 1566 537 1574 ,
566 1513 594 1571 2.
625 1508 786 1578 ²l'nniosus.¹
816 1517 935 1589 itemque
955 1515 1044 1575 infans
1065 1515 1165 1584 allecta

197 1601 254 1656 doli
274 1607 302 1654 et
323 1605 403 1671 captu
423 1597 601 1660 contumeliae
623 1608 727 1662 cuneum
754 1600 855 1656 ideireo
870 1601 1026 1656 ieiuniorum
1042 1601 1085 1674 agi
1101 1616 1165 1662 etam

86 1693 90 1701 “
196 1685 239 1742 his
260 1699 315 1740 non
335 1689 436 1758 potest.
496 1679 525 1743 3.
551 1675 596 1739 3Si
617 1681 722 1746 liberis,
752 1685 797 1758 qui
818 1687 845 1741 in
860 1691 997 1759 potestate
1011 1691 1087 1744 sunt,
1113 1692 1161 1738 aut

187 1770 274 1826 'uxori
296 1767 341 1824 liat
361 1767 469 1828 iniuria,
496 1775 591 1822 nostra
612 1769 725 1822 interest
741 1768 889 1831 uindicare
917 1768 1034 1842 ideoque
1047 1783 1094 1842 per
1108 1783 1161 1822 nos

197 1855 266 1911 aetio
283 1853 377 1910 inferri
392 1859 499 1936 potest,
517 1853 539 1906 si
555 1852 635 1908 modo
651 1853 688 1914 is,
705 1853 752 1928 qui
768 1853 844 1914 lecit,
860 1854 889 1908 in
902 1854 1026 1908 iniumam
1042 1859 1162 1910 nostram

195 1940 223 1995 id
244 1939 341 1994 secisse
362 1937 500 1992 doceatur.
559 1934 588 1992 4.
612 1937 725 2010 Corpori
748 1937 844 1992 iniuria
864 1938 1002 1999 insertur..
1023 1938 1162 2010 numquis

196 2023 335 2099 pulsatur:
361 2022 454 2077 'secus
478 2039 556 2097 quam
579 2015 660 2078 cum4
679 2029 803 2094 stuprum
826 2021 941 2078 intentur
956 2030 1002 2079 aut
1017 2022 1051 2078 de
1065 2029 1162 2096 stupro

195 2109 393 2182 interpellatur,
410 2123 537 2180 quaeres
554 2115 628 2162 extra
644 2105 765 2162 ordinem
782 2105 939 2170 uindicatur,
959 2108 996 2162 ita
1011 2113 1043 2163 ut
1057 2103 1164 2182 ’pulsa-

196 2327 247 2384 Iul.
266 2329 298 2376 de
315 2329 341 2376 vi
354 2325 422 2390 publ.
437 2321 483 2386 (lt,
495 2325 528 2386 6).
586 2323 608 2389 ⁴)
628 2326 668 2388 Os.
686 2327 719 2379 L.
733 2337 753 2378 3.
774 2324 801 2389 S.
816 2335 836 2374 3.
854 2326 887 2376 J).
908 2327 940 2374 de
958 2327 1058 2378 tenena.
1073 2323 1115 2388 (tt,
1129 2325 1165 2388 9).

195 2394 229 2445 L.
251 2402 269 2440 t.
287 2394 321 2441 D.
340 2395 371 2442 de
389 2399 485 2459 recept.
506 2393 549 2454 (47,
570 2391 613 2454 to).
642 2395 675 2448 L.
689 2402 709 2444 o.
729 2393 759 2443 0.
776 2395 813 2444 ad
829 2397 878 2458 ley.
898 2393 950 2442 Iul.
968 2395 999 2442 de
1017 2393 1042 2442 ui
1060 2391 1096 2456 (9,
1117 2393 1163 2457 12).

196 2459 219 2522 5)
238 2459 279 2522 Of.
297 2460 328 2508 L.
343 2469 361 2511 1.
380 2460 413 2507 D.
433 2462 464 2508 de
479 2461 534 2523 fur.
553 2459 621 2512 batn.
639 2461 682 2521 (47,
702 2457 745 2524 tt).
804 2458 825 2522 ⁶)
845 2459 889 2510 Sic
901 2468 996 2524 septem
1008 2459 1074 2516 cdd,
1102 2477 1163 2512 non·

196 2541 323 2590 numquam
336 2528 422 2582 ceteri,
435 2529 494 2576 edd.
554 2525 575 2589 7)
595 2529 682 2577 Malim
701 2535 859 2592 exasperatur.
917 2527 938 2592 8)
960 2527 999 2590 Cf.
1012 2528 1084 2590 insta
1097 2539 1117 2588 5,
1129 2537 1163 2581 20.

198 2595 289 2644 Callet.
309 2603 343 2642 2ο.
370 2595 403 2643 L.
417 2603 449 2643 22.
468 2593 494 2657 S.
509 2604 541 2644 12.
560 2595 593 2644 D.
612 2597 645 2645 de
661 2611 736 2659 poen.
756 2598 800 2660 (48,
821 2591 865 2661 te).
886 2597 923 2644 L.
936 2605 957 2644 9.
971 2605 1003 2645 tt.
1022 2595 1056 2645 D.
1075 2598 1108 2646 de
1124 2598 1164 2646 iu-

197 2663 269 2712 send.
289 2657 333 2724 (tt.
352 2661 383 2722 9).
403 2663 436 2714 L.
457 2671 488 2714 to.
507 2663 541 2710 D.
561 2664 597 2712 nd
613 2665 660 2726 leq.
677 2663 752 2715 Gara.
771 2667 803 2714 cle
820 2665 865 2715 sie.
880 2663 923 2726 (tu,
942 2661 975 2730 8).
1045 2662 1066 2728 9)
1081 2679 1165 2714 eorum

198 2729 261 2780 cdd.
279 2732 338 2780 edd.
367 2730 448 2779 Prior
463 2745 529 2794 pars
546 2747 567 2780 u.
586 2732 666 2794 periit
682 2731 713 2781 ab
731 2748 753 2781 u.
772 2733 874 2782 incuria.
907 2731 946 2794 Cf.
964 2732 997 2782 L.
1016 2735 1059 2782 alt.
1078 2732 1110 2780 D.
1130 2733 1163 2782 de

196 2799 264 2862 offic.
276 2799 363 2863 preef.
377 2801 425 2862 uth.
440 2797 471 2861 (t,
487 2799 530 2862 ts).
550 2799 605 2848 Ate·
616 2800 651 2860 ej.
670 2799 769 2849 aliorum
782 2803 821 2850 uel
833 2799 998 2850 habitatorum.
1051 2797 1082 2863 1⁰)
1096 2799 1162 2862 dupli

198 2864 248 2930 (uel
265 2866 365 2930 duplici)
385 2868 526 2932 compendio
547 2866 611 2916 cdd.
631 2869 699 2922 edd..
720 2870 789 2934 quod
805 2867 876 2918 nihili
893 2875 940 2918 eet.

269 2934 316 2986 Tit.
334 2935 388 2986 IV.
431 2934 451 2999 1)
472 2935 511 2998 Of.
530 2936 563 2987 L.
583 2945 602 2985 1.
627 2933 757 2998 ((1.2.
787 2937 820 2989 L.
839 2943 859 2984 3.
885 2934 914 2999 s.
932 2945 952 2990 t.
972 2936 1005 2984 D.
1030 2933 1160 2984 deinter.

197 2998 247 3064 (tt,
269 3000 312 3064 10).
345 3001 435 3050 Goltat.
454 3012 477 3060 2,
498 3014 517 3054 a.
538 3002 565 3066 3.
584 3011 604 3056 4.
633 3001 723 3054 Senee.
743 3005 774 3053 de
792 3008 918 3055 coustant.
938 3013 957 3054 5.
977 3001 1005 3066 3.
1024 3004 1068 3054 ult.
1086 3000 1110 3050 1.
1131 3003 1166 3052 de

196 3070 272 3118 intur.
293 3069 322 3130 (t.
341 3066 374 3132 4).
444 3069 465 3134 ²)
487 3070 526 3133 Of.
539 3069 799 3132 L.3.8.1.L.t.t.
869 3069 890 3135 3)
909 3070 950 3133 Of.
969 3071 1001 3120 L.
1017 3080 1036 3124 1.
1050 3068 1095 3133 ss.
1108 3079 1129 3120 a.
1143 3081 1166 3118 5.

195 3137 228 3187 L.
243 3145 274 3186 18.
294 3134 342 3202 33.
356 3145 376 3184 t.
391 3146 411 3188 5.
429 3138 463 3188 D.
482 3137 507 3189 h.
525 3144 543 3187 t.
570 3139 726 3198 Gni.3,22t.
797 3137 818 3201 ⁴)
838 3140 922 3204 cuique
941 3138 1004 3188 odd.
1023 3140 1081 3188 edd.
1112 3139 1166 3186 eai-

197 3221 296 3271 clamque
316 3204 379 3255 Cdd.
399 3213 434 3254 32.
452 3213 485 3255 38.
507 3203 644 3270 (seriptum
663 3208 752 3270 fuerat
770 3205 897 3270 seeasq'el.
925 3208 966 3256 De
988 3221 1018 3256 re
1036 3206 1071 3270 ef.
1089 3207 1123 3254 L.
1143 3215 1165 3256 1.-

196 3271 689 3338 §.estint.sapraa,aa.8.12;
713 3273 882 3338 infras.1t.
902 3275 934 3324 L.
954 3283 975 3324 3.
995 3272 1062 3338 §.e
1094 3273 1123 3323 L.
1142 3283 1163 3322 5.

195 3340 223 3404 S.
242 3351 262 3390 2.
280 3342 313 3393 Ι).
332 3343 368 3391 ad
384 3344 432 3406 leq.
450 3341 500 3391 Iul.
519 3343 552 3392 de
568 3345 593 3390 oi
608 3343 677 3406 publ.
698 3340 746 3406 (ta,
765 3341 798 3406 a).
837 3343 902 3392 Nam
919 3349 946 3392 ut
968 3343 1081 3405 putinmr
1098 3341 1165 3390 hane

193 3407 312 3462 iniuriam
328 3411 358 3462 in.
371 3425 467 3476 eorpus
487 3407 523 3473 (3.
543 3406 589 3472 1.),
608 3412 645 3461 ita
662 3411 742 3472 mauis
760 3416 842 3460 tamen
861 3410 949 3472 famae
968 3424 1041 3472 quam
1058 3409 1169 3472 corpori
