2634 3960
208 193 257 240 242
491 207 552 240 aare
573 191 736 243 manniti.
758 192 814 240 142.
836 193 893 242 143.

207 346 317 402 alterius
343 347 382 402 rei
409 345 547 418 (pretium
568 361 630 401 esee
648 344 769 418 possit),
799 344 875 400 ualde
901 347 1055 418 quaeritur:
1087 349 1174 404 nostri

205 438 397 504 praeceptores
424 437 533 502 putant,
560 431 639 484 etiam
664 431 692 484 in
719 429 818 485 aliare
839 445 920 502 pesse
941 432 1091 488 consistere
1112 447 1175 504 pre·
1260 487 1262 492 ,

207 517 289 578 timu
312 514 383 570 unde
398 513 468 569 illud
481 521 535 576 est,
559 511 632 587 qaod
648 514 734 587 uulgo
750 521 859 586 putant,
882 531 932 588 per
946 517 1172 588 permutationem

207 615 298 656 rerum
318 600 480 671 emptionem
504 605 534 652 et
553 597 737 654 uenditionem
758 599 895 661 contrahi,
924 615 1036 672 eamque
1057 601 1174 673 speciem

205 684 350 757 emptionis
377 690 404 737 at
429 681 594 738 uenditionis
618 683 829 741 uetustissimam
854 699 928 745 csse:
956 692 1175 758 argumentoque

207 766 437 824 utanturtiraeca
454 774 549 839 pcata
548 765 681 828 Homero,
703 768 748 840 qui
764 766 852 839 aitqua
867 769 999 840 parietate
1015 769 1065 823 att:

309 871 449 939 (inaen'
430 870 475 945 up’
496 875 638 958 οἰνίζοντο
656 869 892 996 οαρΖκομόωντες
907 869 1023 960 Dixerat,

307 940 391 999 ἄλλοι
409 942 463 1012 μὲν
472 945 590 1032 χαλκῷ,
611 938 695 998 ἄλλοι
761 939 961 1026 aiiimrcotin'
942 963 1010 1017 nm

308 1007 393 1067 ἄλλοι
412 986 725 1093 δξᾷονοίς,ολοοιδ’
745 1006 996 1082 vespertinarum,

309 1073 445 1133 oi'iiotci'
463 1033 722 1151 incantatricem)

207 1191 249 1244 'et
265 1188 383 1261 reliqua.
394 1181 432 1221 ¹²⁷
466 1189 588 1244 diuersae
603 1187 713 1244 achaiae
728 1193 852 1244 numeres
868 1187 1032 1245 dissentiunt
1047 1188 1174 1262 aliudque

206 1289 266 1329 csse
292 1273 444 1328 existimant
469 1275 694 1347 permutationem
719 1287 825 1336 rerum,
855 1273 931 1330 mind
954 1275 1119 1347 emptionem
1145 1281 1174 1328 et

206 1357 404 1420 uenditionem
434 1359 554 1430 alioquin
583 1375 640 1414 nan
661 1373 751 1428 pesae
768 1357 833 1412 'rem
864 1357 984 1430 expediri
1005 1359 1174 1431 *permutatis

206 1441 301 1504 rebus,
325 1457 392 1514 quae
412 1441 536 1497 uideatur
556 1458 600 1498 res
622 1441 743 1505 uenisse,
766 1449 793 1497 ct
808 1457 878 1514 pisae
893 1444 973 1514 pretii
988 1444 1097 1500 nominc
1110 1441 1173 1498 data

207 1543 282 1589 csse,
313 1525 360 1581 sad
389 1541 483 1581 rursus
511 1534 651 1600 utramque
676 1525 763 1582 citeri
788 1535 816 1583 et
841 1528 952 1584 uenisse
974 1535 1002 1582 et
1031 1537 1174 1600 utramque

205 1611 285 1684 pretii
307 1611 415 1666 nomine
435 1611 523 1665 datam
542 1627 616 1673 esse,
638 1609 784 1665 absurdum
805 1610 901 1666 uideri.
947 1614 999 1668 sed
1012 1613 1053 1667 uit
1067 1611 1174 1667 Caelius

207 1695 335 1758 Sabinus,
362 1696 385 1750 si
399 1712 456 1750 rem
478 1693 540 1750 'tibi
556 1695 679 1751 uerraiem
696 1688 841 1759 habenti,⁸
861 1695 947 1751 ueluti
963 1696 1091 1759 matium,
1115 1695 1173 1750 ’ac-

206 1773 369 1842 cesserim,⁹
389 1787 417 1834 et
436 1776 516 1853 pretii
538 1781 646 1836 nomine
662 1779 797 1835 hominem
813 1780 885 1835 iortc
901 1780 1034 1842 dederim,
1058 1778 1172 1834 iunium

206 1865 314 1938 quidem
334 1864 421 1920 uideri
443 1865 563 1927 uenisse,
586 1864 722 1920 hominem
741 1872 831 1919 autem
854 1865 934 1938 pretii
955 1865 1064 1920 nomine
1080 1863 1172 1919 datum
1218 1913 1221 1920 .

89 1997 100 2016 ,
206 1967 279 2012 esse.
297 1955 328 2006 ut
343 1947 448 2006 fundus
463 1951 638 2022 acciperetur.
650 1941 690 1982 ¹³⁰

267 2029 331 2092 142.
354 2032 465 2089 Locutio
487 2041 576 2090 autem
596 2040 623 2089 ct
644 2033 789 2088 conductio
812 2030 864 2104 '(ct
885 2037 987 2105 emptio
1004 2041 1032 2090 et
1046 2035 1173 2090 uenditio

206 2112 319 2191 ctiam)¹
336 2117 466 2174 similibus
478 2118 584 2192 reguiis
599 2119 818 2174 constituuntur:
833 2119 885 2172 nisi
901 2120 972 2174 enim
984 2130 1085 2173 mareas
1100 2125 1173 2174 certa

205 2211 306 2259 statuta
325 2203 372 2264 sit,
395 2219 450 2258 non
471 2203 580 2260 uidetur
600 2203 698 2258 locatio
720 2211 747 2258 et
768 2201 914 2258 conductio
930 2203 1061 2258 contrahi.
1103 2198 1170 2259 tta.

204 2286 280 2342 Unde
295 2289 318 2342 si
334 2286 421 2342 alieno
443 2286 553 2342 arbitrio
575 2303 678 2342 merces
698 2288 828 2360 permissa
849 2287 898 2350 sit,
922 2288 997 2343 uelut
1018 2288 1111 2358 quanti
1128 2283 1172 2340 Ti·

213 2436 274 2444 .-—-
279 2437 396 2442 --—..-.-

208 2517 249 2580 ¹²⁷)
263 2517 332 2568 Edd.
343 2525 452 2581 praeter
462 2519 603 2582 principem
619 2519 682 2567 iaec
697 2518 775 2568 cerba
794 2517 857 2568 Gaio
873 2519 1015 2580 familiaria
1029 2533 1169 2582 perperam

206 2592 233 2634 ut
245 2602 260 2634 a
271 2585 378 2634 librario
389 2585 510 2649 profecta
522 2587 650 2641 omittunt,·
662 2601 717 2634 nam
730 2593 756 2635 et
767 2587 832 2635 alias
841 2593 920 2651 parte
934 2585 1028 2652 aliqua,
1040 2600 1105 2651 quac
1114 2589 1170 2635 seia

208 2655 306 2702 adrem
316 2655 442 2716 pertinet,
456 2668 491 2702 erc
503 2654 620 2702 oratione
636 2654 744 2718 quadam
756 2655 871 2705 desumto
883 2655 971 2704 eadem
982 2653 1060 2704 verba
1072 2654 1170 2703 addun-

207 2727 256 2771 ιον.
276 2719 316 2783 Cf.
326 2729 345 2778 a,
357 2726 401 2774 tu.
414 2729 434 2778 t,
447 2729 480 2770 aa.
494 2729 526 2771 ar.
539 2728 572 2772 ts.
587 2727 631 2770 tac.
668 2719 688 2784 8)
702 2719 746 2770 Sic
757 2721 783 2772 0.
805 2723 867 2773 Titio
880 2724 987 2772 uenalem
999 2723 1099 2770 habente
1110 2721 1171 2772 cdd.

206 2785 227 2854 9)
242 2785 343 2852 Scripsi
354 2786 465 2837 ‘Gaius’
476 2804 504 2851 p,
518 2797 551 2840 et.
571 2788 705 2853 acceperim
717 2787 746 2838 0.
761 2791 819 2841 cdd.
859 2787 900 2851 ¹³⁰)
916 2789 1036 2856 Sequitur
1048 2791 1116 2838 tinea
1128 2805 1171 2840 aa·

207 2872 265 2913 cua,
284 2857 309 2904 in
327 2871 384 2921 qua,
402 2857 461 2904 ticet
476 2856 594 2905 rubricae
606 2857 745 2912 destinata,
763 2857 827 2906 itacc
842 2858 902 2920 fere
918 2859 1046 2907 sententia
1058 2857 1170 2920 perie'ssc

206 2923 319 2972 uidetur:
332 2923 469 2973 ‘Proxima
481 2938 518 2972 ern
538 2925 637 2974 tinniet
648 2925 788 2974 venditioni
798 2933 838 2976 cst
849 2926 944 2975 locatio
957 2927 1089 2975 condrcctie
1098 2927 1115 2974 ’.
1130 2923 1171 2986 Of.

207 2991 238 3039 Ia
251 3001 263 3038 2
272 3007 316 3053 pr.
334 2941 537 3055 D.loc.(19‚2s.
568 2991 682 3056 chnene
699 2994 763 3041 enirn
780 3002 856 3042 autem
875 2999 946 3042 certo
964 2999 1111 3056 arpuneento
1124 2998 1171 3049 cst,

204 3061 349 3122 pencroten
360 3059 533 3121 praecessisse
544 3061 705 3116 sententiam,
725 3076 789 3124 quae
807 3064 855 3110 iam
870 3061 999 3124 sipiliatim
1017 3061 1170 3123 explicetur.

208 3124 227 3191 ¹)
241 3126 317 3174 Haec
329 3139 393 3175 nunc
407 3127 507 3188 (addita
519 3143 540 3176 υ.
555 3129 640 3176 ‘eiiii’
651 3128 678 3176 in
689 3127 738 3176 iac
750 3131 832 3177 attera
844 3127 897 3192 eci.)
912 3135 941 3177 ut
955 3129 1046 3178 similia
1061 3129 1172 3190 periisse

206 3199 319 3244 statuere
328 3195 417 3251 οιοὶοἰ,
431 3209 504 3259 quam
517 3196 585 3259 quod
597 3199 604 3224 ‘
615 3195 708 3243 Gaiur’
718 3211 746 3258 p.
760 3204 793 3247 95.
811 3211 955 3252 suaseram,
974 3196 1125 3246 constituitur
1136 3198 1171 3244 te·

205 3421 324 3463 ern-trs.
404 3409 429 3481 ξ.
444 3415 500 3464 142.
522 3385 561 3478 Cf.
578 3415 610 3463 L.
624 3423 636 3462 ο
646 3431 689 3477 pr.
708 3415 742 3464 rt.
754 3419 802 3466 too.
817 3412 866 3476 (re,
879 3411 912 3476 a).
935 3415 983 3464 Pr.
1002 3414 1027 3463 J.
1046 3417 1078 3464 rte
1095 3417 1172 3464 toene.
1272 3423 1284 3448 r

207 3477 238 3541 (a,
251 3481 295 3542 nt).
372 3477 402 3546 ς.
419 3481 475 3530 143.
495 3479 535 3542 Of.
549 3478 575 3544 8.
590 3491 609 3536 ι,
628 3481 651 3530 I.
665 3481 697 3531 ii.
716 3482 748 3531 L.
761 3491 787 3532 na
800 3497 844 3546 pr.
863 3481 897 3530 li.
915 3484 964 3531 toc.
978 3480 1028 3545 (ra,
1041 3481 1072 3545 r).
1092 3482 1125 3531 L.
1138 3491 1172 3534 rr.
