2614 3960
436 180 540 219 sareu.
560 181 617 218 rra.
638 181 702 229 neu.
721 179 814 216 varro,
1058 168 1121 218 617·

139 319 259 386 piissimi
277 317 381 368 codicis
401 317 564 368 conficiendi
588 317 729 370 consilium
745 318 891 382 'privatum
916 313 1037 380 aliquem
1060 334 1108 382 po·

140 391 227 438 tuisse
247 401 349 450 capere
368 390 447 436 tanto
465 387 596 434 minorem
621 385 708 436 habet
731 384 1016 446 verisimilitudinem,
1037 387 1108 449 quod

161 455 272 504 rivatim
302 453 426 518 excerpti
452 453 708 502 iurisconsultorum
739 451 795 503 loci
828 467 863 505 au
890 451 999 517 plenam
1029 451 1108 503 fidem

140 471 267 572 babituri
287 526 380 571 essent
398 522 426 569 in
444 521 556 570 iudiciis
575 520 702 583 recitati,
722 518 866 569 admodum
889 519 1001 569 dubium
1019 520 1109 570 videri

142 589 271 640 debebat.
300 588 468 650 Maiorisque
488 589 563 651 capti
581 588 703 651 spiritus,
723 601 803 650 quam
822 588 851 635 in
868 587 976 651 privato
996 592 1108 638 anctore

143 660 284 720 expectes,
306 656 389 722 etiam
408 655 477 704 illud
496 655 627 704 indicium
640 659 693 717 est,
712 654 784 718 quod
802 669 856 702 non
874 659 983 704 tautum
1003 669 1036 704 ex
1052 655 1109 706 usi·

140 725 210 773 tatis
230 723 385 784 codicibus,
405 722 454 772 sed
474 723 557 772 etiam
582 722 705 782 aliunde,
728 725 759 770 ut
777 721 907 781 vidimus,
931 725 1022 772 tracta
1044 727 1110 772 suut

141 791 290 855 rescripta·
303 795 332 839 et
354 791 473 840 rariores
496 792 580 840 etiam
598 789 732 840 ICtorum'
751 787 815 838 libri
837 789 966 841 adhibiti.
1001 788 1107 839 Eodem

142 859 219 908 ducit
238 859 339 908 omissa
363 858 391 906 in
410 857 554 922 rescriptis
573 855 684 906 Codicis
704 857 869 921 Gregoriani
892 856 938 905 vel
955 857 1106 922 Hermoge-

140 926 218 976 niani
237 926 348 975 mentio.
379 923 434 973 Cur
453 939 500 975 ecs
519 925 644 989 privatus
656 924 735 974 homo
752 926 877 974 taceret?
903 925 936 974 Iu
950 923 1106 974 Collaticne

141 998 170 1042 et
194 991 419 1053 Cousirltatione,
443 1008 514 1056 quae
537 996 600 1041 sunt
622 993 805 1056 privatorum,
828 991 929 1054 ubique
956 1007 1002 1041 eos
1025 1007 1107 1056 prae·

140 1061 258 1124 scriptos
281 1060 450 1109 invenimus:
475 1075 529 1109 non
557 1061 624 1108 item
652 1061 681 1107 in
703 1059 874 1108 Iustinianec
899 1057 1014 1122 Codioe;
1041 1073 1107 1108 nam

54 1126 58 1134 '
140 1129 190 1176 sub
209 1128 296 1192 ipsius
314 1127 449 1192 principis
467 1128 576 1176 nomine
594 1125 810 1190 promulgandus
830 1125 918 1175 codex
936 1141 1034 1190 reapse
1053 1141 1108 1175 non

140 1195 303 1260 patiebatur
322 1193 459 1244 aemulum
478 1193 551 1242 alius
571 1194 718 1244 eorundem
737 1194 855 1243 fontium
874 1207 972 1242 nomen
992 1193 1106 1244 codicis.

139 1261 248 1312 Deinde
268 1276 335 1325 opus
355 1267 449 1324 aperte
468 1276 523 1310 non
541 1261 622 1309 unius
640 1261 757 1312 hominis
777 1259 895 1308 consilio
914 1260 1028 1323 regitur.
1046 1259 1109 1310 Hoc

141 1329 233 1392 prodit
262 1331 333 1378 mira
361 1330 390 1377 in
422 1329 595 1394 excerpendo
630 1332 662 1377 et
688 1325 874 1391 componendo
909 1327 1106 1379 inconstantia.

140 1397 271 1458 Leviora,
289 1396 546 1446 velutvocabulum
566 1395 661 1445 ‘idem'
680 1401 709 1444 et
727 1395 799 1444 alias
818 1394 906 1442 ‘item’
926 1395 954 1442 in
973 1409 1106 1444 novarum

140 1464 295 1527 specierum
314 1463 424 1513 exordio
442 1464 521 1513 modo
540 1463 673 1527 scriptum
693 1462 774 1512 mcdo
787 1462 916 1511 omissum
930 1465 958 1510 et
969 1461 1108 1512 interdum

142 1531 259 1580 eundem
283 1535 422 1580 auctorem
447 1531 595 1595 repetitum
620 1533 676 1580 iam
698 1546 753 1580 non
777 1545 875 1580 morer.
909 1530 1106 1593 Eiusdemge·

140 1600 214 1648 neris
239 1602 292 1660 est,
317 1597 388 1661 quod
414 1600 460 1662 qui
479 1597 527 1663 88.
546 1601 664 1664 tle-92,
689 1598 849 1662 exscripsit,
872 1602 985 1661 praeter
1007 1596 1106 1646 librum

143 1665 226 1716 etiam
257 1665 379 1727 titulum,
409 1666 478 1716 alius
507 1663 546 1728 (S.
564 1664 634 1726 227.)
658 1666 794 1715 rubricam
819 1664 966 1728 diligenter
988 1665 1105 1716 notavit.

138 1731 176 1782 Et
194 1737 224 1782 ut
241 1732 283 1782 illi
302 1733 357 1782 loci
377 1734 412 1782 ab
432 1734 486 1783 alio
505 1733 624 1798 profecti
642 1733 786 1795 videntur,
805 1733 846 1782 ita
866 1733 951 1781 etiam
969 1733 1106 1795 rescripta

138 1799 167 1850 in
187 1799 233 1864 38.
248 1802 358 1851 38-40.
378 1800 485 1864 legibus
499 1799 725 1850 Constantiniani
740 1801 817 1862 aevi,
838 1815 907 1862 quae
927 1798 1105 1860 antecedunt,

141 1867 259 1918 adiecta.
293 1867 346 1916 Sed
366 1873 394 1917 et
413 1868 496 1917 alium
515 1869 543 1916 in
563 1867 652 1916 titulis
671 1867 703 1916 de
717 1867 910 1916 donationibus
924 1865 997 1915 etde
1011 1865 1106 1930 cogni-

140 1933 245 1982 toribus
274 1933 467 1998 componendis
495 1951 606 1999 operam
635 1934 802 1994 collocasse,
825 1937 937 1996 praeter
960 1948 1009 1994 ea,
1034 1947 1105 1995 quae

120 1999 293 2063 'singularia
318 2016 351 2049 ex
374 2002 408 2050 iis
436 2003 491 2050 iam
514 2001 610 2063 retuli,
641 2004 725 2050 etiam
748 2001 801 2050 hoc
823 2000 925 2050 indicio
949 2003 1004 2061 est,
1033 1999 1105 2062 quod

116 2067 164 2116 'is
188 2066 262 2116 solus
280 2067 396 2132 Ulpiani
420 2068 454 2116 ad
480 2069 601 2134 edictum
626 2068 746 2118 editione
770 2081 836 2117 usus
860 2071 916 2130 est,
940 2067 1016 2116 cuius
1039 2066 1106 2116 libri

139 2134 290 2184 secundum
309 2140 402 2199 partes
427 2135 511 2184 edicti
533 2135 750 2184 numerabantur
774 2133 813 2197 (S.
832 2134 890 2183 aet.
916 2133 1020 2184 collata
1042 2147 1106 2183 cum

138 2200 164 2266 8.
186 2205 242 2252 120.
262 2207 290 2251 et
308 2217 349 2263 eo,
370 2201 441 2265 quod
458 2202 515 2250 dixi
532 2201 660 2265 supra'p.
675 2203 707 2252 89
721 2201 777 2265 fin.)
798 2205 826 2249 et
844 2201 941 2250 mirum
956 2202 984 2250 in
997 2201 1105 2250 modum

139 2270 352 2319 constitutiones
376 2273 404 2318 et
422 2268 680 2318 iurisconsultorum
703 2267 779 2318 locos
802 2267 925 2327 miscuit,
944 2272 975 2315 ut
999 2269 1104 2332 opinor,

138 2336 210 2399 quod
229 2339 257 2386 in
276 2337 354 2386 libris
373 2337 407 2385 de
426 2336 468 2386 his
491 2335 616 2386 materiis
639 2335 763 2400 scriptis,
787 2349 854 2397 quos
880 2334 1043 2395 adhibebat,
1064 2336 1105 2384 ita

137 2403 313 2466 invenerat,⁸
331 2405 394 2453 dum
412 2404 441 2452 in
460 2405 502 2457 tit.
523 2419 556 2454 ex
575 2408 666 2468 empto
685 2409 714 2452 et
729 2401 843 2452 vendito
862 2408 890 2450 et
908 2402 941 2452 de
959 2403 1105 2452 usufructu

140 2472 351 2521 constitutiones
373 2486 468 2522 omnes
491 2471 643 2536 separatim
670 2473 856 2535 congregatae
881 2469 955 2520 locos
978 2485 1012 2519 ex
1029 2470 1105 2520 loris

140 2539 291 2602 exscriptos
309 2538 355 2588 vel
373 2543 525 2602 sequuntur
547 2538 593 2588 vel
612 2537 795 2599 antecedunt,
818 2536 944 2602 idemque
961 2538 1051 2594 ¹etiarn
1075 2539 1105 2586 in

138 2605 194 2655 titt.
213 2605 247 2654 de
270 2621 299 2655 re
318 2607 415 2655 uxoria
439 2611 468 2655 et
490 2606 524 2656 de
548 2605 788 2668 excusationibus,
812 2620 880 2669 quos
903 2606 1026 2668 integros
1049 2621 1105 2655 non

137 2671 278 2732 habemus,
299 2673 403 2723 factum
423 2688 483 2723 esse
502 2673 612 2738 opinari
629 2673 705 2732 licet,
724 2671 779 2722 nisi
797 2673 819 2721 ii
833 2688 866 2722 ex
879 2673 962 2721 meris
975 2671 1103 2722 lCtorum

138 2741 286 2790 sententiis
317 2740 470 2806 compositi·
498 2741 613 2798 fuerint,
647 2740 733 2804 priori
763 2745 856 2790 tamen
885 2754 939 2789 uno
969 2740 1104 2803 rescripto

138 2806 263 2872 (3.113.)
283 2813 396 2872 propter
414 2810 569 2872 argumenti
587 2808 795 2857 similitudinem
814 2807 944 2856 immisto.
974 2807 1015 2856 Ne
1033 2805 1103 2855 illud

137 2875 248 2940 quidem
267 2875 350 2926 facile
360 2891 362 2898 ’
372 2875 479 2938 credas,
500 2875 616 2925 eundern
628 2876 766 2941 homiuem
779 2873 805 2937 3.
820 2875 870 2923 159
883 2877 911 2922 et
922 2874 991 2936 246,
1011 2871 1038 2937 S.
1055 2874 1104 2924 185

137 2947 165 2992 et
182 2945 250 3005 240,
270 2942 298 3006 3.
318 2945 366 2993 186
385 2947 414 2993 et
431 2945 499 3004 231,
520 2941 547 3006 3.
568 2945 642 2995 183³.
663 2958 723 2992 cum
743 2942 872 3005 sequenti
892 2945 920 2990 et
937 2942 1012 2998 238„
1032 2955 1103 3006 quae

137 3023 231 3060 omnes
254 3011 326 3060 idem
351 3011 505 3074 continent,
532 3011 703 3075 excerpsisse
729 3013 757 3058 et
779 3009 808 3058 in
833 3008 929 3060 eodem
952 3007 1033 3057 titulo
1057 3024 1105 3074 po-

137 3091 234 3129 suisse.

204 3143 282 3194 Haec
302 3160 362 3194 cum
380 3147 422 3195 ita
440 3147 505 3208 siut,
524 3144 699 3195 statuendum
717 3142 834 3206 videtur,
854 3144 1029 3193 membranas
1047 3143 1102 3191 Va-

138 3211 247 3260 ticanus
275 3217 323 3262 aut
346 3212 480 3277 reliquias
508 3227 568 3262 esse
594 3213 653 3261 eius
682 3211 798 3274 codicis,
827 3226 911 3274 quem¹
933 3210 1014 3259 simul
1042 3223 1103 3258 cum

136 3377 232 3496 {liuta
252 3393 314 3435 vcro,
334 3380 367 3430 ibi
386 3382 489 3444 propriis
508 3382 633 3444 scriptoris
651 3380 730 3428 verbis
749 3386 871 3442 utrumque
883 3392 956 3437 genus
970 3382 1103 3440 separatum

146 3461 216 3495 uisse.
