2634 3960
216 205 265 252 548
471 215 534 253 uos.
555 215 590 248 nr
608 213 674 249 non.
694 214 792 249 naevn
811 213 928 248 contar.
1006 187 1007 190 ¹

215 355 334 407 Romani
350 353 484 410 institutis
503 352 689 404 adversariam
702 352 899 411 damnantium,
920 354 968 400 aut
986 365 1053 416 prae
1072 365 1187 398 suarum

187 415 191 427 '
216 421 309 487 legum
337 420 537 486 praeclaritate
566 421 785 485 despicientium.
825 419 888 469 vid
911 420 1029 467 maxime
1055 420 1098 470 tit.
1122 417 1187 467 VII.

217 492 292 550 init,
317 490 360 540 tit.
379 489 424 538 VI.
446 503 467 536 c.
488 489 510 537 7.
531 503 593 536 cum
616 494 671 538 not.
696 493 781 537 nostr.
806 491 835 536 et
857 487 900 535 tit.
921 486 992 537 XIV.
1014 501 1037 539 c.
1056 488 1080 535 3.
1100 481 1126 548 8.
1147 486 1186 548 6.,

217 573 288 622 quae
308 558 393 606 etiam
412 555 509 604 clerici
527 556 706 620 supercilium
728 571 761 604 ac
779 555 878 617 stylum
902 553 1018 618 prodere
1041 553 1184 602 videntur.

216 625 285 673 Nam
303 623 356 672 hoc
376 637 437 671 eum
456 623 586 686 voluisse,
606 623 678 688 quod
695 623 850 672 Dirksenus
868 623 997 686 opinatus
1012 625 1053 669 est
1067 619 1186 682 (Comm.

217 692 285 744 iiber
303 690 328 744 d,
349 689 469 740 Collatio
486 691 515 738 in
527 691 615 740 Abhh.
629 691 653 752 d,
668 690 741 740 Berl.
756 689 839 739 Acad.
855 690 928 741 1846.
948 688 1068 738 Jan.19.
1087 703 1114 751 p.
1127 685 1184 748 27),
1218 727 1224 740 ,

217 765 248 806 ut
264 758 372 808 iudices
390 758 465 806 Rom.
485 759 594 822 imperii
616 760 644 806 in
668 757 826 806 iudicandis
845 756 1064 806 Christianorum
1084 755 1187 804 Roma-

217 841 313 874 norum
336 826 427 874 causis
449 829 507 873 tam
530 826 619 891 legem
641 825 793 875 Mosaicam
818 840 898 889 quam
925 825 967 872 ius
996 823 1080 872 civile
1105 823 1186 872 Rom.

219 896 407 956 sequerentur,
427 907 480 941 non
499 893 579 942 modo
597 893 667 942 nihil
685 893 778 954 habet,
799 907 850 956 quo
870 896 1012 956 arguatur,
1032 890 1189 940 sedetiam

219 976 251 1009 eo
270 959 452 1024 redarguitur,
473 960 545 1022 quod
565 965 660 1010 auctor
678 960 769 1009 libelli
788 960 865 1024 leges
884 960 994 1008 divinas
1012 959 1187 1021 illis‘parum

219 1032 299 1083 notas
318 1027 403 1076 multo
423 1029 589 1078 succinctius
603 1044 684 1092 quam
697 1029 837 1078 Romanas
849 1027 948 1077 refert:
967 1030 1115 1090 practerea
1134 1025 1188 1075 hoc

218 1100 249 1143 nt
271 1095 351 1144 nimis
376 1095 522 1144 absurdum
546 1096 691 1144 consilium
717 1094 869 1158 (infinitam
893 1095 966 1144 enim
995 1093 1188 1144 confusionem

218 1163 384 1226 peperisset,
402 1179 454 1212 nec
472 1167 538 1212 tunc
557 1165 701 1227 quisquam
721 1163 896 1212 Christianus
914 1162 977 1226 lege
996 1162 1122 1210 Mosaica
1142 1177 1185 1211 ex.

219 1245 258 1294 gr.
277 1231 307 1278 in
326 1231 417 1279 causis
440 1231 615 1282 hereditariis
638 1247 668 1280 se
691 1232 782 1281 teneri
805 1237 854 1280 aut
876 1229 1009 1280 credebat
1032 1233 1080 1278 aut
1105 1229 1184 1278 vole-

218 1297 277 1360 bat)
296 1298 400 1346 homini
419 1298 550 1362 prudenti
567 1298 665 1364 affingi
677 1315 731 1349 non
744 1302 861 1363 oportet.
885 1298 913 1346 Is
931 1298 1019 1360 igitur
1037 1296 1186 1346 consilium

219 1381 296 1413 suum
314 1369 344 1413 ut
362 1369 570 1428 exsequeretur,
590 1366 711 1416 selectas
731 1365 864 1430 quasdam
882 1365 961 1430 quasi
986 1363 1106 1428 exempli
1124 1363 1186 1414 loco
1264 1385 1266 1391 ’

217 1433 364 1490 materias,
385 1447 486 1495 easque
506 1437 568 1497 apte
594 1450 627 1483 ex
652 1434 777 1483 omnibus
796 1433 855 1483 fere
873 1433 942 1482 iuris
960 1432 1080 1481 forensis
1098 1433 1187 1496 parti-

219 1499 270 1548 bus
289 1500 392 1563 petitas
411 1499 500 1548 titulis
519 1502 623 1562 divisit,
645 1516 793 1564 eorumque
812 1502 847 1550 in‘
859 1514 1022 1564 unoquoque
1041 1500 1188 1562 praemisit

219 1565 295 1614 velut
313 1581 408 1614 semen
426 1566 514 1616 divini
532 1569 600 1616 iuris
618 1574 796 1632 praeceptum
815 1567 926 1633 aliquod
944 1567 1016 1632 legis
1035 1567 1187 1628 llosaioae,

220 1648 274 1681 non
293 1649 326 1682 ex
343 1633 458 1697 vulgata
475 1633 503 1682 id
521 1636 649 1686 versione
672 1638 790 1701 petitum
809 1650 898 1702 neque
922 1636 1031 1685 omnino
1050 1635 1132 1684 anxie
1151 1635 1187 1685 ad

220 1700 336 1750 verbum
354 1716 470 1762 versum,
490 1701 539 1751 sed
556 1703 694 1753 interdum
712 1704 801 1768 magis
821 1704 855 1752 ad
874 1704 1039 1752 sententiam
1052 1702 1186 1764 relatum,

221 1767 341 1818 subiecit
372 1767 474 1818 deinde
499 1772 631 1834 tanquam
662 1773 755 1822 laetas
785 1775 895 1836 segetes
925 1771 989 1820 inde
1018 1770 1186 1834 pullulantes

222 1835 405 1885 auctoritates
428 1838 497 1886 satis
521 1836 628 1903 amplas
657 1855 690 1888 ex
716 1839 795 1888 libris
824 1840 942 1903 quinque
967 1837 1109 1898 ICtorum,
1140 1839 1187 1902 qui

220 1909 278 1952 tum
295 1904 413 1952 maxime
432 1905 461 1952 in
480 1905 590 1955 indiciis
609 1907 784 1972 legebantur,
804 1906 882 1969 Gaii,
901 1906 1063 1972 Papiniani,
1083 1907 1186 1968 Paulli,

220 1970 348 2034 Ulpiani,
373 1971 525 2022 Modestini
549 1977 577 2023 et
605 1990 638 2024 ex
661 1974 766 2024 duobus
791 1974 939 2024 Codicibus
964 1973 1134 2038 Gregoriano
1158 1977 1187 2022 et

220 2038 444 2104 Hermogeniana
469 2040 658 2106 depromptas,
688 2042 773 2092 semel
801 2043 885 2091 etiam
913 2041 1063 2090 Theodosii
1090 2041 1187 2107 Magni

221 2107 450 2158 constitutionem
470 2122 495 2160 a.
514 2111 573 2158 390.
593 2106 648 2172 (tit.
666 2112 699 2159 V.
720 2126 743 2161 c.
762 2109 808 2173 3.),
827 2113 858 2158 ut
876 2111 933 2172 ipse
953 2109 1102 2173 significat,
1122 2110 1187 2174 quia

222 2188 256 2221 ea
280 2177 398 2224 mentem
422 2175 534 2224 divinae
556 2176 629 2242 legis
652 2178 802 2241 perfectius
827 2181 924 2228 secuta
947 2192 1007 2226 esse
1030 2176 1185 2240 videretur3

221 2256 273 2288 nec
291 2244 384 2289 tamen
406 2258 469 2291 eam
488 2259 521 2291 ex
540 2243 733 2294 Theodosiano
753 2244 855 2294 Codice
880 2245 1019 2294 desumsit.
1056 2245 1129 2294 Raro
1152 2245 1185 2294 de

221 2323 270 2358 suo
289 2308 592 2360 animadversiunculas
611 2314 738 2362 intexuit.
773 2313 810 2361 Et
832 2316 864 2362 ut
882 2317 958 2374 sunt,
982 2327 1053 2375 quae
1078 2314 1187 2363 doctum

221 2376 358 2424 hominem
377 2377 503 2440 prodant,
522 2377 600 2427 velut
619 2380 666 2443 qui
685 2381 770 2430 etiam
787 2379 874 2430 libros
892 2380 965 2428 haud
977 2378 1108 2444 vulgares
1126 2380 1186 2430 illo·

221 2457 281 2489 rum
299 2441 425 2492 ICtorum
446 2444 604 2494 adhibuerit
623 2449 696 2496 etin
716 2448 961 2497 constitutionibus
979 2448 1133 2513 principum
1152 2450 1187 2498 ad

222 2507 454 2573 subscriptionum
478 2509 557 2561 fidem
582 2515 701 2564 animum
725 2515 876 2565 adverterit
900 2514 954 2576 (tit,
973 2515 1021 2568 VI.
1042 2532 1065 2566 c.
1084 2517 1100 2566 5
1118 2516 1185 2581 iim),

222 2579 285 2625 sunt
303 2578 400 2640 etiam,
422 2593 492 2642 quae
511 2580 578 2629 iuris
603 2597 663 2631 eum
687 2598 783 2647 parum
806 2583 924 2647 peritum
947 2583 1032 2632 fuisse
1057 2589 1185 2649 arguant,

221 2641 300 2692 velut
319 2645 390 2708 quod
408 2644 572 2710 rescriptum
590 2650 619 2698 in
636 2651 680 2700 tit.
699 2651 731 2700 X.
754 2666 776 2700 c.
796 2651 820 2700 8.
840 2649 958 2700 relatum
978 2650 1013 2700 ad
1031 2651 1186 2716 depositum

222 2711 361 2774 pertinere
387 2715 534 2765 censuerit.
571 2716 650 2778 Quod
673 2734 739 2768 vero
758 2719 904 2783 ‘proximi’
924 2718 1139 2783 appellationem
1158 2721 1186 2769 in

222 2782 321 2857 octavo
340 2780 469 2846 decalogi
492 2790 642 2849 praecepto
665 2785 719 2846 (tit.
736 2786 785 2840 ΙΧ,
805 2785 879 2850 init.)
903 2787 939 2836 ad
962 2787 1108 2837 familiaris
1131 2805 1186 2838 ma-

222 2861 293 2896 xrme
312 2849 466 2899 testimonii
483 2851 698 2914 prohibitionem
722 2853 852 2903 retulisse
875 2855 997 2916 videtur,
1021 2870 1077 2903 non
1100 2856 1186 2906 divini

222 2914 290 2964 iuris
308 2916 447 2976 inscitiae,
466 2918 516 2968 sed
534 2920 598 2983 piae
618 2921 728 2970 cuidam
745 2921 837 2970 fraudi
855 2922 977 2972 tribuere
996 2923 1100 2982 malim;
1120 2939 1184 2972 ean-

222 2980 282 3029 dem
302 2983 376 3030 enim
393 2984 506 3047 redolet,
527 2988 596 3050 quod
615 2988 826 3040 maledictiones
844 2988 909 3041 illas
927 2992 969 3041 tit.
983 2990 1029 3042 VI.
1043 2989 1087 3038 fin.
1108 2988 1185 3038 finxit

222 3047 288 3108 (vid.
303 3053 359 3102 not.
372 3050 427 3116 46.)
446 3056 473 3102 et
490 3049 580 3120 legem
599 3053 633 3105 de
652 3056 823 3107 divinatione
842 3058 982 3120 prohibita
993 3059 1036 3108 tit.
1050 3058 1110 3110 XV.
1122 3074 1145 3108 c.
1160 3062 1183 3108 1.

224 3114 320 3166 adsui
340 3119 404 3168 aevi
424 3135 512 3170 mores
530 3122 614 3171 flexit.

290 3217 331 3268 De
351 3223 488 3286 tempore,
509 3236 561 3284 quo
584 3223 654 3273 haec
674 3223 792 3274 Collatio
811 3225 916 3290 scripta
939 3226 1037 3290 fuerit,
1061 3229 1124 3278 nolo
1144 3244 1184 3277 ar-

223 3291 354 3348 gumenta
377 3303 539 3351 recoquere,
566 3291 663 3354 quibus
687 3307 747 3341 eam
773 3295 870 3358 paucis
895 3298 959 3344 ante
984 3299 1075 3358 quarti
1098 3295 1186 3347 seculi

221 3352 302 3402 tinem
322 3357 401 3402 annis
423 3357 602 3420 compositam
622 3373 682 3408 esse
700 3361 833 3424 probasse
851 3362 919 3410 mihi
930 3363 1027 3412 videor
1041 3363 1184 3426 (Zeitschr.

222 3419 239 3468 l.
261 3421 310 3484 o),
333 3424 497 3486 praesertim
521 3439 581 3473 cum
605 3441 675 3490 quae
702 3432 800 3491 postea
829 3434 924 3479 contra
948 3429 1092 3494 disputata
1114 3437 1184 3494 sunt,

221 3500 311 3549 neque
334 3490 425 3538 omnia
449 3495 578 3555 tangant,
603 3508 693 3556 neque
717 3497 851 3546 eiusmodi
874 3498 940 3557 sint,
965 3503 995 3546 ut
1017 3501 1185 3552 retexendae
