2634 3960
265 212 267 217 ·
290 213 405 248 nourrii
424 197 584 262 reprimit)
604 212 708 248 sunau.
726 213 761 247 nu
781 213 846 248 inne
866 213 953 248 arser.
1053 201 1101 248 541

133 375 196 414 rum
212 357 426 428 ’pecaiiturium
436 346 459 386 ¹⁵
472 354 739 425 itemqueeommuni
750 361 755 416 Ι
767 347 923 410 'omninm⁶
934 371 1102 411 rerumoom-
1118 364 1142 405 15

136 446 251 503 mercito
277 458 334 496 nan
355 429 582 510 'prohibentnrl
604 437 670 493 adeo
692 446 723 492 ut
749 445 777 492 et
794 446 798 500 Ι
819 439 946 508 stipulari
966 437 998 494 eb
1019 439 1061 496 his
1077 445 1104 493 et

8 511 10 518 ’
90 565 94 572 -
135 530 253 587 nasttris
268 524 399 580 deuotum
415 524 564 578 uindicare
580 525 725 594 possimus,
742 524 792 577 nisi
809 523 901 595 'quod
914 525 1027 580 scilieet
1044 531 1049 585 t
1065 539 1104 579 ecc
1117 537 1142 576 eo

141 601 254 666 cauea⁸
271 607 364 664 eedem
380 607 471 678 portio
488 609 581 666 etilnm
598 605 724 662 Caesaris
740 603 794 661 sint.
815 615 818 668 Ι

203 693 228 752 l.
259 694 314 761 Qui
329 699 450 746 mutuum
466 690 607 763 pecuniam
620 699 714 746 eontra
728 691 909 764 interdictioni
924 691 1105 765 dispensatori

139 780 285 840 nituerioue
301 777 359 832 elus
376 775 530 836 crediderit.
541 768 545 851 l
555 775 628 830 'eum
644 792 708 832 cum
723 778 842 851 reliquis
856 778 979 850 iniquum
991 784 1033 830 est
1046 791 1101 830 nou
1111 786 1185 836 colli.

141 867 287 938 pentsare,
306 877 370 916 cum
386 853 583 920 conuenitur,⁹
599 861 662 932 quin
677 859 750 932 quod
763 865 790 916 ei
805 869 810 922 t
826 862 955 923 credidit,
973 877 1027 916 non
1043 861 1106 914 omi·

138 950 184 1003 sit.
203 947 231 1008 t'
550 935 597 1004 20Ι

207 1029 236 1087 8.
262 1024 341 1096 1Qu2·
356 1036 460 1084 contra
477 1027 594 1084 edietum
610 1026 667 1082 oliui
687 1027 813 1101 Augustti
826 1043 886 1083 rem
907 1030 1055 1103 litigiosam
1071 1035 1107 1088 al
1133 1045 1145 1083 5

139 1131 199 1172 nen
226 1115 391 1186 possidente
423 1113 601 1185 cortiparauit,
631 1118 836 1184 praettcrpnam
873 1111 970 1185 (quod)
1006 1113 1107 1185 emptio

140 1198 251 1260 nulllius
273 1198 402 1253 momenti
424 1204 479 1258 est,
510 1212 625 1268 poenum
656 1204 661 1257 t
692 1198 888 1270 qulnquaginta
919 1197 1146 1252 sestertiorumro

143 1282 209 1337 liseo
231 1287 444 1354 retpruesenture
465 1280 645 1353 compellitur.
676 1297 720 1336 res
743 1289 832 1336 autem
855 1291 859 1343 t
885 1282 1003 1355 litigiose
1034 1279 1108 1334 uide-

142 1376 196 1428 tur,
220 1365 253 1420 de
269 1383 321 1439 que
338 1369 342 1432 t
359 1364 429 1438 apud
445 1381 525 1419 suum
540 1364 655 1420 iudicem
672 1357 768 1436 ’(ῖίε)2
785 1374 789 1427 Ι
813 1366 900 1421 deleta
912 1374 962 1421 est.
994 1363 1042 1420 sed
1057 1365 1109 1419 hoc

143 1453 171 1506 in
186 1450 401 1524 prouincialibus
417 1457 422 1510 t
438 1449 529 1503 lundis
553 1449 650 1522 'praua
665 1444 871 1522 usurpultione3
887 1451 1017 1524 optinuit.
1032 1457 1036 1510 t
1123 1467 1146 1503 15

207 1615 236 1674 9.
261 1611 413 1674 ⁵ilbseutes
429 1617 560 1691 fugitivos
581 1625 585 1678 l
603 1633 702 1673 uenum
725 1618 782 1673 dari
803 1627 850 1675 eut
865 1620 1014 1692 comparari
1032 1626 1037 1680 t
1053 1633 1107 1674 em-

1289 419 1305 454 ²2,

144 1703 280 1777 piissimas
302 1703 369 1758 ordo
386 1707 391 1768 i
406 1701 561 1775 prohibuit,
583 1701 739 1757 denuntiato
761 1711 765 1764 t
784 1707 812 1759 iu
838 1711 987 1777 emptorem
1009 1701 1109 1762 uendit·
1123 1721 1147 1757 eo
1228 1773 1229 1776 Ἴ
1263 1735 1265 1742 ·

145 1797 287 1861 toreutque
303 1803 391 1860 poena
407 1787 597 1841 sestertiorum
614 1787 823 1860 quinquaginta,
841 1797 846 1850 1
863 1805 931 1860 quae
947 1787 1027 1842 hodie
1043 1784 1109 1840 fisco

145 1865 326 1945 uindilcutur.
425 1919 428 1924 ,
621 1911 623 1916 .
1119 1870 1218 1916 solur.

620 1990 638 2027 tlt

145 2143 246 2186 statuo:
269 2137 305 2184 s'ui
329 2149 347 2197 p
369 2142 428 2198 pite.
521 2129 552 2194 ¹⁵)
575 2131 702 2195 Scriptum
723 2142 785 2196 puto
807 2133 889 2195 fuisse
910 2149 960 2197 per
982 2148 1112 2182 errorem:

146 2205 294 2270 periurium,
310 2205 370 2268 pnia
382 2205 411 2252 id
417 2202 527 2267 proprie
541 2206 580 2247 est
591 2203 763 2262 pecuniarium.
822 2199 843 2265 ⁶)
863 2202 1005 2264 Scriptum:
1024 2204 1112 2248 omniu.

146 2273 168 2337 ⁷)
188 2272 329 2335 Scriptum:
347 2271 457 2334 phibent.
492 2267 704 2330 Insequentibus
723 2270 850 2317 ‘nostris’
875 2270 986 2331 intettipc
1010 2269 1041 2317 de
1059 2282 1113 2315 ser-

146 2345 183 2390 uis
198 2340 273 2390 ‘neiis
292 2341 356 2402 ipsis
373 2355 427 2388 cum
443 2335 554 2386 Caesare
573 2335 746 2387 communibus.
783 2335 836 2384 Pro
856 2338 973 2399 possimus
993 2333 1020 2386 0.
1039 2334 1114 2384 nabet

147 2411 239 2470 p'sum'.
310 2406 331 2470 Θ)
351 2407 493 2470 Scriptum:
511 2413 531 2471 q
549 2401 603 2454 solt
623 2417 648 2450 ox
667 2399 691 2451 ὀ.
762 2403 783 2466 ⁹)
803 2403 930 2466 Scriptum
945 2404 1028 2464 fuisse
1045 2403 1113 2451 vide-

148 2483 204 2522 tur:
223 2469 356 2538 eric'reliq's
375 2475 423 2536 laet
441 2485 492 2520 eum
511 2468 600 2532 temen)
619 2468 815 2534 inie'er'rpemsare
828 2486 881 2520 cum
894 2473 997 2522 c'ueuit'.
1020 2471 1113 2520 Priore

147 2543 189 2590 ed.
215 2543 282 2604 quod
302 2543 430 2600 feceram:
453 2544 553 2588 ‘utetur
574 2541 791 2600 conpensatione,
814 2540 839 2588 si
859 2553 907 2603 pro
930 2542 982 2588 eius
1009 2539 1114 2602 reliquis

148 2611 312 2658 conuertitur'
330 2611 381 2658 iam
397 2610 470 2658 uideo
485 2621 578 2672 parum
596 2619 649 2653 cum
668 2606 695 2659 C.
715 2609 857 2656 conuenire.
928 2606 961 2670 ²⁰)
984 2607 1081 2655 Versus
1099 2621 1114 2652 a

147 2677 279 2739 scriptura
297 2691 397 2726 naeuus.
487 2676 506 2739 ¹)
526 2673 567 2736 Of.
589 2672 643 2722 Gai
663 2682 747 2730 t,117.
777 2674 840 2724 uuit.
860 2675 978 2723 francisc
1002 2675 1038 2722 ad
1054 2673 1113 2736 nep.

148 2749 186 2793 tit.
207 2745 344 2796 deleret.
360 2747 434 2807 petit.
452 2751 527 2806 pet.
580 2737 602 2801 ²)
622 2740 669 2790 Em
680 2742 813 2804 Heisiicj.
842 2740 1114 2805 quaesiioeaetnmj.

147 2811 245 2861 Boectr.
269 2815 361 2861 mauult
382 2828 409 2861 eo
434 2809 533 2874 (potius
551 2805 592 2872 c.)
616 2810 634 2856 ἰ.
652 2824 674 2857 e.
701 2825 780 2860 erasa.
817 2810 883 2858 Mitti
905 2809 1038 2869 librarius,
1061 2822 1116 2854 cnm

146 2881 268 2943 scriptum
286 2887 354 2929 esset
372 2881 495 2941 indicens,
516 2879 575 2927 inde
593 2877 697 2926 iudicem
721 2879 821 2927 uidetur
837 2878 940 2940 fecisse.
1010 2872 1031 2937 ⁸)
1052 2874 1116 2922 Nam

149 2949 279 3012 Aupnstus
297 2949 353 2996 dum
375 2953 487 2998 actorem
511 2961 561 2995 non
581 2946 755 3006 possidentem
772 2959 825 2994 rem
848 2945 983 3007 litipiasam
1000 2946 1115 2992 alienare

148 3023 226 3077 vetat,
245 3019 345 3065 nonnisi
363 3018 394 3066 de
411 3015 536 3079 praediis,
556 3027 621 3078 quae
638 3015 753 3076 mancipi
769 3019 852 3069 erant,
871 3013 986 3075 copitare
1001 3017 1115 3074 poterat,

149 3084 310 3144 quodetiam
327 3099 427 3147 poenae
445 3099 538 3132 summa
556 3081 655 3130 evincit.
681 3081 735 3130 Sed
751 3087 885 3145 postquam
903 3082 1023 3143 eaceptio
1042 3079 1116 3127 etiam

150 3147 187 3195 ad
195 3150 299 3210 pinnori
310 3151 496 3215 hypothecaeuc
509 3151 636 3199 dationem
648 3153 776 3198 translata
788 3154 854 3208 erat,
865 3163 916 3211 per
928 3163 1001 3212 quam
1013 3146 1116 3195 amnium

151 3229 235 3263 rerum
253 3218 328 3266 etiam
344 3219 468 3269 mobilium
486 3219 583 3268 notitiae
601 3217 627 3264 in
645 3232 697 3266 rem
715 3218 782 3266 actio
801 3233 817 3265 a
830 3231 880 3264 non
893 3216 1043 3278 possidente
1062 3227 1116 3260 cre-

152 3283 230 3331 ditori
252 3287 398 3348 comparari
418 3291 523 3348 poterat
542 3285 585 3346 (L.
605 3293 624 3334 1.
649 3283 676 3346 S.
694 3294 714 3333 2.
733 3285 765 3332 I).
786 3299 850 3347 quae
873 3298 917 3332 res
938 3283 1009 3345 pipn.
1027 3288 1064 3334 20.
1083 3277 1115 3340 3),

151 3351 237 3397 mirum
256 3360 370 3411 nonest,
390 3355 457 3417 pund
474 3368 585 3416 rapaces
601 3359 786 3414 procuratores
802 3365 912 3414 poenam
930 3361 1028 3413 quoque
1040 3347 1118 3394 edicti

151 3418 187 3465 ad
202 3417 298 3478 fundos
315 3423 403 3468 saltem
419 3421 590 3483 provinciales
609 3422 802 3468 transtulemtnt.
855 3415 876 3479 ⁴)
900 3416 996 3465 Versus
1014 3429 1114 3463 vacuus.

94 3527 99 3548 ,
152 3483 233 3548 ⁵)Cf.
252 3486 499 3550 Paui.t,o⁸‚3,r.

558 1949 575 1986 tte
682 1950 699 1988 tlt
1000 1967 1003 1973 ·
1132 1937 1205 1984 colat.
1287 1937 1308 1966 t
