2634 3974
488 203 565 238 rvnrr
584 202 690 238 ravani
711 203 790 242 surr,
809 182 901 243 11124.

384 361 446 402 ΤῙΤ.
463 360 547 401 XXIV.
578 359 620 400 DE
632 359 761 402 umatus
777 359 1006 404 AGNOSGDNDIS.

276 444 301 503 1.
329 439 374 502 ¹Si
398 461 477 502 serua
501 447 656 518 conceperit
682 452 710 500 et
730 453 824 519 postea
852 448 1014 503 manumissa
1041 449 1186 520 pepererit,

92 537 106 610 ς
213 529 329 598 liberum
350 520 449 603 parit²
502 525 529 586 2.
555 522 604 584 ³Si
625 527 708 585 libera
729 533 885 604 conceperit
901 539 928 586 ct
943 531 1037 588 ancilla
1054 531 1123 586 lacta
1138 547 1187 604 pe·

94 619 107 630 “’
126 617 141 668 ᾗ
213 613 329 689 p'ererit,
358 613 472 670 liberum
493 615 576 688 parit:
600 613 631 687 ‘id
648 615 718 670 enim
734 614 813 670 lauor
828 615 960 671 libertatis
976 616 1107 689 exposcit.
1153 612 1209 673 3.·

134 683 151 710 ”
208 693 226 742 -4
234 699 261 755 Si
283 697 378 755 ancilla
399 699 570 772 conceperit,
598 707 624 754 et
645 698 733 754 medio
756 707 880 773 tempore
901 701 1089 762 'manumissa
1117 695 1186 756 sed5

103 847 104 850 Ἴ
121 771 125 796 ³
214 800 310 839 rursus
326 783 395 840 facta
411 782 507 838 ancilla
522 784 672 856 pepererit,
694 782 808 838 liberum
825 785 907 857 parit:
929 783 1102 856 media-enim
1118 792 1186 840 tem·

148 915 151 934 ,
175 931 176 934 ¹
214 883 280 942 pora
296 865 416 922 libertati
431 865 569 940 prodesse,
586 883 641 923 non
657 883 755 922 nocere
771 869 850 923 etiam
865 876 991 942 possunt.
1034 865 1063 923 4.
1083 861 1139 922 ⁶Er
1155 884 1185 923 ea

216 950 329 1007 muliere
349 958 444 1012 natus,
469 967 537 1024 quae
559 967 591 1006 er
607 967 685 1007 causa
701 949 900 1008 fideicommissi
917 954 1068 1008 manumitti
1084 951 1184 1014 debuit,

215 1037 323 1109 sipost
344 1051 445 1105 moram
467 1033 583 1090 libertati
605 1035 701 1091 lectam
726 1044 865 1099 nascatur,
890 1038 1027 1110 ingenuus
1053 1039 1181 1093 nascitur.

214 1115 242 1176 b.
261 1119 290 1176 Si
306 1120 403 1178 mulier
417 1119 536 1176 diuortio
553 1119 625 1176 lacto
641 1120 779 1194 grauidam
796 1136 825 1176 se
841 1122 916 1183 scint,
932 1121 1003 1176 iutra
1019 1122 1186 1176 tricesimum

29 1257 33 1266 ,
68 1267 69 1276 ¹
171 1251 172 1254 ,
214 1203 286 1260 diem
309 1206 369 1260 uiro
390 1203 549 1277 denuntiare
565 1203 644 1259 debet
660 1205 704 1260 uel
720 1206 790 1278 patri
805 1205 875 1265 eius,
903 1213 934 1260 ut
956 1203 988 1259 ad
1006 1213 1129 1261 uentrem
1144 1206 1184 1261 iu·

132 1299 133 1302 ’
215 1287 382 1362 spiciendum
404 1286 658 1361 obseruandumque
680 1288 808 1344 custodes
829 1291 950 1345 mittant:
978 1289 1048 1362 ’quo
1065 1282 1185 1345 omisso⁷

214 1382 319 1446 partum
342 1373 452 1428 muleris
469 1372 626 1428 omnimodo
645 1380 783 1445 coguntur
798 1389 956 1446 agnoscere.
999 1369 1028 1430 6.
1046 1366 1093 1429 8Si
1108 1389 1184 1447 prae·

215 1464 342 1528 gnantem
363 1473 393 1512 se
420 1457 495 1512 ’esse
523 1449 638 1512 mulier⁹
664 1457 959 1520 nondenuutiauerit,
988 1457 1030 1512 uel
1057 1458 1184 1513 custodes

22 1551 86 1606 [1
140 1549 154 1616 J
216 1542 319 1616 uentris
346 1540 443 1596 missos
465 1557 521 1596 non
543 1540 694 1604 admiserit,
721 1540 834 1596 liberum
863 1535 955 1598 ’est¹⁰
979 1543 1049 1615 patri
1070 1541 1114 1597 uel
1134 1557 1184 1598 auo

20 1611 40 1632 '⁷
58 1625 61 1632 ’
216 1630 307 1678 natum
331 1640 388 1679 non
404 1623 484 1680 alere.
516 1634 635 1680 ceterum
652 1625 818 1698 negligentia
834 1628 939 1689 matris,
961 1627 1106 1699 quominus
1122 1643 1185 1682 suus

96 1779 97 1782 Ἴ
216 1702 286 1780 patr'i
306 1707 386 1764 heres
408 1709 456 1770 sit,
475 1707 571 1764 obesse
592 1725 646 1765 uon
663 1708 751 1764 debet.
802 1705 828 1766 7.
856 1703 901 1766 ¹Si
917 1711 1013 1766 mulier
1028 1726 1057 1765 sc
1074 1727 1106 1766 ex
1128 1712 1185 1765 uiro

117 1841 119 1844 .
193 1799 410 1866 praegnantem
441 1785 566 1866 'neget‚²
592 1795 760 1866 permittitur
785 1795 881 1849 marito
909 1803 1031 1850 uentrem
1053 1795 1185 1868 inspicere

216 1885 244 1932 ct
266 1878 355 1946 uentri
375 1877 503 1934 custodes
525 1877 597 1932 dare.
656 1876 685 1934 8.
710 1878 810 1933 Venter
830 1879 972 1952 inspicitur
995 1895 1044 1952 per
1067 1880 1185 1952 quinque

216 1953 413 2024 obstetrices,³
438 1970 465 2018 et
487 1961 560 2036 quod
582 1963 694 2018 maxima
714 1978 776 2035 pars
793 1978 883 2018 earum
900 1963 1113 2026 denuntiauerit,
1134 1979 1184 2038 pro

216 2061 283 2101 uero
299 2045 421 2102 habetur.
467 2043 497 2104 9.
522 2040 728 2107 lObstetricem,
748 2062 816 2119 quae
831 2055 938 2120 partum
954 2047 1070 2103 alienum
1087 2047 1185 2110 attulit,

217 2139 246 2185 ut
262 2132 379 2204 supponi
401 2132 497 2204 possit,
514 2147 619 2186 aninmo
636 2131 769 2204 supplicio
786 2128 856 2186 aisrci
872 2131 981 2204 placuit.

220 2261 421 2270 --—------—

294 2329 342 2379 Tit.
364 2327 471 2378 XXIV.
512 2327 532 2392 ¹)
559 2328 598 2390 Cf.
619 2329 823 2386 Gai.1,ea.so.
855 2327 914 2393 [ΗΡ.
935 2340 958 2386 5,
979 2339 1010 2381 m.
1092 2326 1184 2390 ‘JEd

217 2397 303 2446 Haen.
322 2398 396 2446 addit
415 2412 450 2445 eac
468 2397 599 2459 permultis
618 2397 696 2446 Cdd.:
719 2398 744 2446 id
768 2400 830 2447 enim
851 2399 917 2446 iauor
936 2399 1052 2447 libcrtatis
1071 2400 1184 2461 exposcit.

217 2463 238 2524 8)
258 2464 299 2521 af.
323 2463 351 2516 L.
370 2474 391 2510 5.
411 2461 439 2526 3.
458 2471 478 2513 2.
497 2464 529 2514 D.
547 2465 579 2512 de
596 2471 666 2512 statu
683 2465 746 2514 bom.
768 2461 798 2528 (t,
819 2464 851 2527 a).
921 2462 942 2529 4)
967 2464 1008 2527 Of.
1027 2465 1059 2514 L.
1079 2475 1099 2512 5.
1119 2463 1145 2528 S,
1166 2473 1186 2512 3.

219 2533 251 2579 D.
271 2532 327 2580 eod.
354 2543 398 2594 pr.
417 2530 441 2579 I.
461 2531 493 2578 de
511 2532 593 2596 ingen.
614 2531 649 2593 (t,
668 2532 701 2594 4).
776 2531 797 2596 ⁵)
817 2533 961 2582 manumissa
980 2533 1023 2588 sit,
1043 2531 1110 2582 Odd.
1128 2533 1186 2582 edd.

217 2597 239 2660 6)
260 2597 299 2658 Of.
318 2597 351 2646 L.
372 2607 390 2646 i.
410 2596 437 2661 8.
458 2607 476 2646 1.
499 2599 533 2646 D.
553 2601 584 2648 de
602 2601 654 2648 suis
677 2607 703 2648 et
726 2602 773 2665 lep.
794 2600 848 2663 (38,
869 2599 920 2664 to).
949 2600 981 2649 L.
1000 2608 1025 2648 53
1042 2615 1084 2664 pr,
1104 2600 1137 2651 D.
1156 2601 1187 2648 de

216 2666 364 2728 fideicomm.
384 2665 427 2714 tio.
447 2663 490 2728 (40,
509 2664 542 2727 5).
572 2669 602 2716 L.
621 2676 641 2720 3.
664 2667 689 2718 0.
708 2669 766 2718 eod.
786 2665 817 2729 (t,
836 2666 871 2731 t).
939 2666 960 2731 ⁷)
980 2666 1025 2717 Sic
1044 2666 1106 2720 Cdd.
1126 2675 1146 2716 u.
1166 2675 1186 2715 8.

220 2742 253 2782 rt.
273 2741 306 2782 30.
326 2741 360 2783 st.
396 2733 454 2782 Atat
470 2735 559 2783 omisso
577 2737 616 2784 uel
633 2737 755 2785 amissum.
793 2734 847 2784 Sed
868 2735 954 2798 quibus
978 2736 1058 2784 missis
1080 2750 1115 2784 esc
1133 2737 1188 2798 qai-

219 2801 322 2852 busdara
336 2800 400 2850 Cdd.
419 2809 443 2850 et
455 2801 574 2866 Interpr.
593 2804 661 2865 edd„
681 2805 747 2852 uude
759 2802 856 2855 Sebalt.
875 2802 1027 2852 emendabat
1043 2803 1126 2865 quibus
1139 2815 1186 2848 non

219 2867 308 2918 missis.
344 2869 431 2924 Mater
449 2885 506 2918 nam
524 2886 569 2933 quo
588 2872 677 2919 omisso
695 2871 770 2919 etiam
789 2875 841 2919 est:
865 2872 970 2936 insuper
989 2868 1073 2919 nahita
1091 2868 1188 2916 denun-

219 2939 337 2992 ciatione,
353 2944 379 2986 ut
392 2953 472 3002 neque
482 2944 699 3001 protestarentur,
712 2940 840 2987 mulierem
851 2945 1034 3003 praegnantem
1046 2951 1081 2984 ecc
1093 2936 1185 2984 rnarito

220 3019 269 3052 raon
292 3019 360 3061 esse,
384 3021 465 3070 neque
489 3007 607 3055 custodes
633 3008 773 3058 mitterentr
797 3007 882 3070 itaque
913 3008 1008 3056 demam
1029 3019 1113 3054 oerum
1141 3010 1187 3061 est,

221 3073 289 3134 qamt
305 3072 410 3120 Pauttus
428 3075 497 3123 atat.
527 3073 567 3135 Of.
587 3073 621 3122 L.
635 3082 654 3123 1.
673 3071 720 3136 83.
735 3082 754 3122 1.
767 3082 787 3125 s.
802 3083 822 3126 a.
836 3083 869 3122 11.
885 3081 916 3126 n.
932 3083 962 3122 15.
982 3074 1016 3125 D.
1035 3074 1066 3122 ae
1084 3085 1188 3136 agnose.

220 3138 264 3199 las,
284 3135 317 3201 3).
371 3138 392 3200 ⁸)
413 3140 452 3202 (is.
471 3141 503 3191 L.
518 3149 537 3190 l.
556 3139 604 3204 33.
618 3148 638 3188 6.
652 3149 685 3189 13.
703 3141 736 3189 D.
749 3142 807 3191 eod.
859 3139 880 3204 9)
900 3143 985 3190 mulier
1004 3155 1056 3190 esse
1071 3141 1189 3204 plerique

222 3205 285 3255 Cdd.
305 3214 331 3255 et
349 3205 390 3256 ed.
403 3208 489 3257 Haen.
517 3208 653 3258 Fortasse:
673 3223 725 3257 esse
743 3210 828 3258 mulier
841 3211 884 3258 eis.
938 3206 970 3271 ¹⁰)
991 3223 1044 3257 esse
1053 3223 1104 3272 per
1117 3223 1189 3256 erro·

220 3289 273 3322 rem
292 3275 332 3323 ed.
346 3276 380 3328 Α.
436 3274 454 3339 ¹)
476 3276 517 3337 Cf.
536 3276 568 3324 L.
583 3283 591 3323 1
606 3291 646 3339 pr.
666 3277 744 3326 D.de
759 3273 1052 3340 impraesumpta).
1104 3273 1126 3338 2)
1146 3271 1190 3323 Sic

220 3342 335 3405 plerique
355 3342 419 3391 Odd.
451 3351 519 3403 negat
537 3344 596 3392 edd.
666 3341 688 3405 3)
708 3343 766 3393 Non
783 3345 809 3392 in
825 3343 955 3406 superiore·
977 3357 1050 3400 casa,
1073 3343 1115 3392 cui
1137 3349 1190 3392 tres

221 3415 332 3458 statutae
349 3415 415 3466 sant,
434 3411 482 3458 sed
498 3412 522 3458 si
537 3417 597 3472 post
614 3417 717 3459 mortem
734 3412 783 3459 oiri
799 3412 888 3459 urulier
907 3425 941 3459 era
958 3424 988 3458 ea
1005 3417 1191 3474 praegnantem

221 3476 372 3525 cediderit.
404 3477 436 3528 L.
457 3486 476 3526 1.
497 3474 523 3538 S.
545 3486 576 3525 10.
596 3477 629 3528 D.
650 3478 706 3528 eod.
781 3474 803 3538 ⁴)
825 3477 864 3538 Cf.
884 3477 915 3526 L.
937 3485 956 3526 1.
978 3476 1003 3525 0.
1023 3478 1059 3526 ad
1076 3480 1092 3530 l.
1113 3477 1188 3530 Corn.
