2634 3960
149 165 153 170 ν
220 187 270 236 576
395 201 458 238 uos.
477 201 512 235 uu
531 201 597 240 nou.
616 201 712 236 uuavu
731 199 847 239 concur.
868 188 926 240 t'lll.
947 171 1020 235 144.
1104 201 1109 208 ·

653 353 763 388 INCIPIT

416 441 490 516 (r1r.
507 441 587 516 vm.)
616 461 658 500 nn
673 459 772 500 ransc
790 457 994 501 uussrruoruo.

283 579 386 652 llap.l.
418 573 685 652 lloysesdicitt¹
731 577 756 636 L
788 579 815 635 Si
831 581 940 634 steterit
965 580 1044 634 testis
1070 580 1192 634 iniustus

220 663 350 719 aduersus
380 664 516 718 homiuem
544 663 737 726 accusandum,
774 680 900 720 accusans
937 673 998 718 eum
1033 655 1200 736 impietatis,

219 743 247 804 2.
279 747 389 804 stabunt
410 747 464 802 duo
487 749 618 811 homines,
641 747 739 822 quihus
755 755 797 803 est
813 750 929 804 inuicem
948 749 1191 810 contentioanle

219 832 314 894 deum,
337 837 364 888 et
385 839 447 887 anta
462 832 633 895 sacerdotes,
646 840 674 888 et
690 839 751 888 ante
766 832 877 896 iudices,
909 833 1064 906 quicunque
1087 832 1190 888 fuerint

219 917 246 970 iu
268 916 320 970 illis
342 915 446 972 diebus.
496 914 524 974 3.
547 916 613 974 Cum
634 918 805 990 inquisierint
830 917 931 972 iudices
969 917 1129 990 diligenter,
1161 924 1189 972 et

218 1001 346 1056 iuuentus
366 1000 449 1056 luerit
464 1001 543 1057 testis
558 1002 690 1065 iniustus,
714 1000 860 1058 testificans
876 1003 988 1064 iniusta,
1010 1002 1188 1074 insurgentes

219 1084 349 1140 aduersus
372 1101 447 1149 urm,
483 1082 512 1141 4.
541 1085 644 1142 iacietis
671 1088 710 1148 ei,
737 1086 806 1141 sicut
834 1087 922 1142 uoluit
957 1084 1128 1142 malefacere:
1161 1093 1191 1141 ct

218 1168 342 1225 delebitis
365 1169 462 1226 rnalurn
490 1170 522 1226 de
549 1170 636 1227 medio
665 1173 801 1226 uestrum:
843 1168 870 1226 5.
893 1179 921 1227 et
941 1171 1025 1226 ceteri
1047 1169 1187 1226 audientes

220 1253 363 1318 tituebunt,
380 1271 430 1309 nec
446 1254 582 1310 audebunt
598 1257 664 1311 haec
679 1255 746 1310 mala
762 1255 850 1311 lacere
863 1257 934 1311 iuter
949 1271 1009 1310 uos.

281 1337 347 1411 llap.
384 1339 415 1394 11.
467 1339 593 1394 Paulus
618 1339 720 1394 libro
761 1335 951 1414 singulari
980 1338 1019 1394 dc
1061 1340 1187 1412 poeuis

218 1423 365 1477 omniurn
400 1423 514 1495 legum
550 1424 613 1480 sub
650 1423 756 1480 titulo
786 1424 824 1478 ad
851 1424 962 1497 legem
997 1423 1116 1478 luliaru
1147 1423 1188 1480 de

219 1506 415 1560 adulteriis.
457 1505 482 1573 1,
504 1508 554 1574 Qut
585 1509 680 1563 lalsuru
702 1509 887 1564 testimonium
909 1501 1041 1571 dixerit,²
1060 1508 1187 1580 ,proinde

217 1588 362 1652 tenebitur,
379 1605 408 1644 ac
423 1592 446 1644 si
458 1591 520 1664 lege
536 1592 658 1647 Cornelia
681 1594 882 1648 testamentaria
897 1593 1037 1648 damnatus
1054 1587 1156 1647 esset.³

281 1671 347 1746 dap.
384 1672 426 1728 lll.
475 1675 599 1731 Paulus
637 1675 728 1731 libro
764 1679 1019 1732 sententiarum
1061 1679 1184 1750 quinto

217 1756 624 1816 subtitulodctestibus
642 1768 674 1815 et
696 1755 1051 1834 dequaestiorribus.4
1086 1761 1111 1818 1.
1141 1761 1182 1824 Hi,

217 1844 264 1916 qui
280 1843 286 1861 ’
302 1842 369 1899 falso
398 1842 457 1916 (uel
478 1843 572 1922 uarie)
594 1846 638 1901 uel
651 1839 779 1918 obliquc⁵
800 1848 954 1902 testimonia
975 1847 1114 1916 dincrunt,¹
1139 1845 1183 1901 uel

217 1928 326 2000 utrique
345 1931 415 2001 parti
436 1924 648 2003 prodiderunt,6
670 1938 716 1984 aut
747 1931 775 1984 in
805 1931 913 1986 exilium
937 1939 1071 2005 aguntur,
1094 1939 1140 1986 aut
1156 1932 1183 1986 in

215 2011 330 2067 insulam
346 2014 511 2088 relegantur,
525 2024 570 2072 aut
582 2015 655 2070 curia
670 2013 877 2070 submoneantur.

279 2095 346 2170 Kap.
368 2098 410 2153 lV.
447 2099 536 2156 ldcm
563 2097 727 2171 ⁹(codem)
758 2098 848 2154 libro
870 2099 949 2171 (sub
972 2092 1115 2172 titulo)⁷
1142 2099 1183 2156 ad

215 2179 325 2254 legem
347 2175 542 2240 Corneliam
564 2183 603 2238 de
624 2185 761 2239 sicariis
783 2192 815 2238 et
838 2177 1040 2239 uerrelicis.⁸
1086 2180 1110 2240 1.
1127 2183 1183 2239 lex

214 2264 339 2320 Cornelia
357 2283 471 2339 poenam
487 2269 684 2342 deportationis
700 2266 800 2340 infligit
820 2269 857 2330 ei,
881 2270 925 2342 qui
955 2269 1091 2324 homiuem
1112 2270 1184 2324 occi·

147 2353 149 2358 '
214 2349 293 2411 derit,
315 2351 409 2405 eiusue
430 2354 469 2406 rei
490 2370 569 2407 cansa
584 2353 686 2407 furtiue
709 2351 821 2406 faciendi
837 2354 965 2408 curntelo
981 2352 1077 2415 luerit,
1100 2354 1181 2425 quiue

215 2449 349 2488 uenenum
367 2435 482 2490 hominis
498 2436 609 2504 necandi
625 2454 703 2492 causa
719 2437 850 2500 habuerit,
873 2437 1046 2500 uendiderit,
1069 2454 1181 2510 paraue-

214 2517 257 2577 rit,
275 2515 408 2572 falsumne
424 2521 608 2576 testimonium
629 2521 735 2584 (linarii,
760 2537 814 2594 quo
831 2523 891 2594 quis
913 2523 1025 2596 periret,
1049 2523 1181 2577 mortisue

212 2615 320 2655 causam
345 2605 521 2675 praestiterit.
562 2600 590 2661 2.
619 2605 691 2672 Quae
719 2608 808 2660 omnia
823 2605 941 2662 facinora
962 2607 990 2660 iu
1005 2606 1191 2688 honestiores.

130 2731 137 2742 .
213 2701 301 2758 poena
317 2687 410 2760 capitis
427 2689 555 2745 uindicari
571 2691 685 2763 placuit:
708 2691 864 2746 humiliores
881 2707 947 2746 uero
964 2698 1008 2746 aut
1026 2691 1054 2746 iu
1071 2707 1178 2749 crucem

152 2818 154 2823 ,
213 2769 357 2836 tolluntur,
374 2780 420 2828 aut
435 2773 528 2830 bestiis
545 2774 717 2832 obiiciantur.

215 2869 418 2882 —v—-u-n-—a-

282 2935 301 3001 1)
321 2939 459 2990 Deuteron.
475 2949 505 2994 19,
521 2939 612 2990 toss-au.
673 2939 694 3001 ²)
714 2940 756 2990 Sc.
771 2940 796 2988 in
809 2955 887 2989 causa
899 2941 1028 2989 adulterii.
1096 2937 1117 3001 ³)
1138 2938 1177 3001 Cf.

213 3003 287 3052 Poot.
306 3013 326 3062 4,
345 3015 364 3056 ⁷.
385 3005 412 3070 8.
432 3017 451 3059 1,
477 3009 509 3056 L.
528 3018 562 3059 aa.
583 3009 613 3057 D.
633 3010 665 3058 de
683 3011 699 3057 t.
721 3007 796 3057 Corn.
817 3006 862 3070 (as,
882 3003 926 3073 rc).
997 3005 1018 3070 ⁴)
1037 3007 1087 3056 Est
1104 3007 1177 3056 Pout.

214 3080 233 3124 5.
254 3079 286 3121 15.
306 3070 333 3136 3.
351 3083 370 3122 5.
388 3093 423 3117 =
440 3075 472 3124 L.
493 3085 525 3126 to.
546 3079 577 3126 D.
598 3078 629 3125 dc
647 3075 730 3126 testib.
748 3074 793 3136 (at,
813 3073 844 3136 5).
912 3073 933 3140 ⁶)
953 3076 1038 3125 falsum
1052 3075 1087 3124 uel
1100 3075 1178 3138 aliqua

214 3136 277 3187 odd.
315 3143 376 3191 laiso
400 3146 436 3192 uel
462 3145 527 3193 uarie
549 3145 623 3194 Porti.
647 3145 701 3194 Vis.
720 3143 778 3206 Dig.
799 3144 838 3191 ed.
857 3142 899 3197 Bt,
937 3144 1030 3205 obliqua
1054 3143 1089 3203 cj.
1108 3141 1177 3194 Pitd.

211 3213 296 3265 recte;
319 3225 384 3274 qaae
406 3219 475 3269 sunt,
504 3228 553 3262 noo
585 3217 676 3274 aperte
699 3211 747 3258 sed
774 3211 872 3275 oblique
899 3211 1066 3260 vulneranda.
1108 3208 1177 3258 Suet.

211 3274 284 3327 Dom.
303 3288 323 3330 a.
353 3279 434 3328 Tacit.
454 3278 489 3330 Α,
511 3288 540 3334 rt,
561 3289 592 3326 ιι.
624 3276 725 3337 Quintil.
745 3286 769 3332 a,
788 3288 808 3329 a.
828 3275 873 3340 33.
894 3287 926 3326 to.
945 3287 977 3326 at.
1015 3276 1070 3326 Sed
1085 3277 1180 3340 scripsi

212 3342 314 3406 oblique.
418 3345 440 3408 ⁸)
460 3346 603 3410 Antequam
626 3346 652 3393 in
675 3346 769 3396 iudicio
788 3348 910 3395 dicerent.
951 3345 1011 3395 th.
1029 3343 1125 3393 Sodali.
1144 3345 1179 3393 ad

211 3408 285 3458 Paul.
305 3416 321 3463 t.
340 3429 361 3462 c.
382 3420 407 3462 et
427 3411 528 3472 Quintil.
548 3423 572 3472 5,
589 3422 611 3464 7.
632 3411 680 3476 38.
701 3421 731 3464 12.
751 3421 784 3462 32.
888 3413 909 3474 ⁷)
928 3410 972 3463 Bl.
993 3413 1093 3476 suppl:
1116 3411 1177 3460 libro

89 3483 91 3488 ’
181 3469 393 3534 ¹(sententiarum
412 3482 493 3543 quinto
512 3481 554 3528 sub
574 3480 660 3542 titulo).
730 3480 751 3543 ⁸)
770 3497 804 3525 =
825 3479 873 3529 Tit.
894 3489 913 3529 1.
932 3495 955 3532 c.
974 3487 995 3526 2.
