<?xml version="1.0" encoding="UTF-8"?>
<!DOCTYPE html PUBLIC "-//W3C//DTD XHTML 1.0 Transitional//EN"
    "http://www.w3.org/TR/xhtml1/DTD/xhtml1-transitional.dtd">
<html xmlns="http://www.w3.org/1999/xhtml" xml:lang="en" lang="en">
 <head>
  <title>
</title>
<meta http-equiv="Content-Type" content="text/html;charset=utf-8" />
  <meta name='ocr-system' content='tesseract 3.04.00' />
  <meta name='ocr-capabilities' content='ocr_page ocr_carea ocr_par ocr_line ocrx_word'/>
</head>
<body>
  <div class='ocr_page' id='page_1' title='image "./ivrisprvdentiae01huscgoog_0014.png"; bbox 0 0 2588 3954; ppageno 0'>
   <div class='ocr_carea' id='block_1_1' title="bbox 232 175 799 214">
    <p class='ocr_par' dir='ltr' id='par_1_1' title="bbox 232 175 799 214">
     <span class='ocr_line' id='line_1_1' title="bbox 232 175 799 214; baseline -0.004 0"><span class='ocrx_word' id='word_1_1' title='bbox 232 179 251 214; x_wconf 79' lang='lat' dir='ltr'><strong>X</strong></span> <span class='ocrx_word' id='word_1_2' title='bbox 633 175 799 212; x_wconf 65' lang='lat' dir='ltr'><strong>recussum.</strong></span> 
     </span>
    </p>
   </div>
   <div class='ocr_carea' id='block_1_2' title="bbox 148 313 1220 1204">
    <p class='ocr_par' dir='ltr' id='par_1_2' title="bbox 148 313 1220 1204">
     <span class='ocr_line' id='line_1_2' title="bbox 233 313 1199 391; baseline -0.002 -17"><span class='ocrx_word' id='word_1_3' title='bbox 233 334 304 374; x_wconf 71' lang='lat' dir='ltr'><strong>rems</strong></span> <span class='ocrx_word' id='word_1_4' title='bbox 328 316 401 391; x_wconf 87' lang='lat' dir='ltr'><strong>quod</strong></span> <span class='ocrx_word' id='word_1_5' title='bbox 422 319 445 373; x_wconf 92' lang='lat' dir='ltr'><strong>si</strong></span> <span class='ocrx_word' id='word_1_6' title='bbox 466 315 525 374; x_wconf 77' lang='lat' dir='ltr'><strong>fieri</strong></span> <span class='ocrx_word' id='word_1_7' title='bbox 545 333 601 374; x_wconf 88' lang='lat' dir='ltr'><strong>uon</strong></span> <span class='ocrx_word' id='word_1_8' title='bbox 621 325 745 390; x_wconf 86' lang='lat' dir='ltr'><strong>poterat,</strong></span> <span class='ocrx_word' id='word_1_9' title='bbox 765 318 792 372; x_wconf 90' lang='lat' dir='ltr'><strong>in</strong></span> <span class='ocrx_word' id='word_1_10' title='bbox 813 324 938 390; x_wconf 87' lang='lat' dir='ltr'><strong>tempore</strong></span> <span class='ocrx_word' id='word_1_11' title='bbox 959 313 1126 378; x_wconf 82' lang='lat' dir='ltr'><strong>definiendo,</strong></span> <span class='ocrx_word' id='word_1_12' title='bbox 1156 317 1199 372; x_wconf 92' lang='lat' dir='ltr'><strong>cui</strong></span> 
     </span>
     <span class='ocr_line' id='line_1_3' title="bbox 233 415 1182 492; baseline -0.008 -16"><span class='ocrx_word' id='word_1_13' title='bbox 233 417 426 492; x_wconf 80' lang='lat' dir='ltr'><strong>assignandum</strong></span> <span class='ocrx_word' id='word_1_14' title='bbox 442 418 571 492; x_wconf 88' lang='lat' dir='ltr'><strong>quodque</strong></span> <span class='ocrx_word' id='word_1_15' title='bbox 586 425 660 474; x_wconf 86' lang='lat' dir='ltr'><strong>esset</strong></span> <span class='ocrx_word' id='word_1_16' title='bbox 675 416 827 482; x_wconf 84' lang='lat' dir='ltr'><strong>rationibus</strong></span> <span class='ocrx_word' id='word_1_17' title='bbox 842 415 964 479; x_wconf 87' lang='lat' dir='ltr'><strong>redditis,</strong></span> <span class='ocrx_word' id='word_1_18' title='bbox 982 417 1112 492; x_wconf 81' lang='lat' dir='ltr'><strong>acquievi.</strong></span> <span class='ocrx_word' id='word_1_19' title='bbox 1180 463 1182 468; x_wconf 81' lang='grc'>,</span> 
     </span>
     <span class='ocr_line' id='line_1_4' title="bbox 294 516 1199 592; baseline 0 -18"><span class='ocrx_word' id='word_1_20' title='bbox 294 519 438 578; x_wconf 86' lang='lat' dir='ltr'><strong>Postremo</strong></span> <span class='ocrx_word' id='word_1_21' title='bbox 454 519 599 576; x_wconf 84' lang='lat' dir='ltr'><strong>dicendum</strong></span> <span class='ocrx_word' id='word_1_22' title='bbox 614 525 665 582; x_wconf 82' lang='lat' dir='ltr'><strong>est,</strong></span> <span class='ocrx_word' id='word_1_23' title='bbox 674 517 939 592; x_wconf 79' lang='lat' dir='ltr'><strong>quemadmodums&#39;n</strong></span> <span class='ocrx_word' id='word_1_24' title='bbox 950 519 1065 592; x_wconf 80' lang='lat' dir='ltr'><strong>singulis</strong></span> <span class='ocrx_word' id='word_1_25' title='bbox 1078 516 1199 591; x_wconf 86' lang='lat' dir='ltr'><strong>partibus</strong></span> 
     </span>
     <span class='ocr_line' id='line_1_5' title="bbox 232 605 1200 687; baseline -0.003 -9"><span class='ocrx_word' id='word_1_26' title='bbox 232 621 313 678; x_wconf 88' lang='lat' dir='ltr'><strong>huius</strong></span> <span class='ocrx_word' id='word_1_27' title='bbox 333 605 504 680; x_wconf 64' lang='lat' dir='ltr'><strong>adlectionis</strong></span> <span class='ocrx_word' id='word_1_28' title='bbox 524 619 692 679; x_wconf 76' lang='lat' dir='ltr'>instruendis</span> <span class='ocrx_word' id='word_1_29' title='bbox 713 627 836 679; x_wconf 89' lang='lat' dir='ltr'><strong>versatus</strong></span> <span class='ocrx_word' id='word_1_30' title='bbox 857 607 918 676; x_wconf 80' lang='lat' dir='ltr'><strong>sim.</strong></span> <span class='ocrx_word' id='word_1_31' title='bbox 960 617 1017 687; x_wconf 84' lang='lat' dir='ltr'><strong>Qua</strong></span> <span class='ocrx_word' id='word_1_32' title='bbox 1037 621 1072 677; x_wconf 88' lang='lat' dir='ltr'><strong>in.</strong></span> <span class='ocrx_word' id='word_1_33' title='bbox 1086 635 1116 674; x_wconf 92' lang='lat' dir='ltr'><strong>re</strong></span> <span class='ocrx_word' id='word_1_34' title='bbox 1137 627 1200 676; x_wconf 88' lang='lat' dir='ltr'><strong>aute</strong></span> 
     </span>
     <span class='ocr_line' id='line_1_6' title="bbox 233 718 1199 795; baseline 0 -17"><span class='ocrx_word' id='word_1_35' title='bbox 233 723 323 779; x_wconf 91' lang='lat' dir='ltr'><strong>omnia</strong></span> <span class='ocrx_word' id='word_1_36' title='bbox 343 738 407 795; x_wconf 87' lang='lat' dir='ltr'><strong>prae</strong></span> <span class='ocrx_word' id='word_1_37' title='bbox 428 721 514 778; x_wconf 87' lang='lat' dir='ltr'><strong>oculis</strong></span> <span class='ocrx_word' id='word_1_38' title='bbox 536 721 631 784; x_wconf 82' lang='lat' dir='ltr'><strong>habui,</strong></span> <span class='ocrx_word' id='word_1_39' title='bbox 654 719 754 778; x_wconf 88' lang='lat' dir='ltr'><strong>librum</strong></span> <span class='ocrx_word' id='word_1_40' title='bbox 782 719 937 786; x_wconf 85' lang='lat' dir='ltr'><strong>academicis</strong></span> <span class='ocrx_word' id='word_1_41' title='bbox 964 721 1079 779; x_wconf 74' lang='lat' dir='ltr'><strong>manime</strong></span> <span class='ocrx_word' id='word_1_42' title='bbox 1105 718 1199 778; x_wconf 83' lang='lat' dir='ltr'><strong>usibus</strong></span> 
     </span>
     <span class='ocr_line' id='line_1_7' title="bbox 231 821 1199 896; baseline -0.001 -17"><span class='ocrx_word' id='word_1_43' title='bbox 231 822 396 880; x_wconf 87' lang='lat' dir='ltr'><strong>destinatum</strong></span> <span class='ocrx_word' id='word_1_44' title='bbox 411 838 480 878; x_wconf 89' lang='lat' dir='ltr'><strong>esse.</strong></span> <span class='ocrx_word' id='word_1_45' title='bbox 512 821 605 896; x_wconf 88' lang='lat' dir='ltr'><strong>ltaque</strong></span> <span class='ocrx_word' id='word_1_46' title='bbox 620 823 735 896; x_wconf 83' lang='lat' dir='ltr'><strong>primum</strong></span> <span class='ocrx_word' id='word_1_47' title='bbox 751 821 897 896; x_wconf 83' lang='lat' dir='ltr'><strong>cavendum</strong></span> <span class='ocrx_word' id='word_1_48' title='bbox 913 829 985 886; x_wconf 85' lang='lat' dir='ltr'><strong>erat,</strong></span> <span class='ocrx_word' id='word_1_49' title='bbox 1007 837 1043 879; x_wconf 87' lang='lat' dir='ltr'><strong>ue</strong></span> <span class='ocrx_word' id='word_1_50' title='bbox 1058 821 1108 879; x_wconf 87' lang='lat' dir='ltr'><strong>hac</strong></span> <span class='ocrx_word' id='word_1_51' title='bbox 1124 837 1199 878; x_wconf 90' lang='lat' dir='ltr'><strong>meu·</strong></span> 
     </span>
     <span class='ocr_line' id='line_1_8' title="bbox 232 921 1198 998; baseline 0 -20"><span class='ocrx_word' id='word_1_52' title='bbox 232 939 295 980; x_wconf 90' lang='lat' dir='ltr'><strong>sura</strong></span> <span class='ocrx_word' id='word_1_53' title='bbox 309 922 437 987; x_wconf 86' lang='lat' dir='ltr'><strong>adhibita,</strong></span> <span class='ocrx_word' id='word_1_54' title='bbox 450 924 547 982; x_wconf 87' lang='lat' dir='ltr'><strong>otiosis</strong></span> <span class='ocrx_word' id='word_1_55' title='bbox 562 929 738 986; x_wconf 79' lang='lat' dir='ltr'><strong>oneraretur,</strong></span> <span class='ocrx_word' id='word_1_56' title='bbox 754 922 853 996; x_wconf 86' lang='lat' dir='ltr'><strong>quibus</strong></span> <span class='ocrx_word' id='word_1_57' title='bbox 868 931 896 979; x_wconf 89' lang='lat' dir='ltr'><strong>et</strong></span> <span class='ocrx_word' id='word_1_58' title='bbox 910 924 1028 998; x_wconf 85' lang='lat' dir='ltr'><strong>prelium</strong></span> <span class='ocrx_word' id='word_1_59' title='bbox 1041 921 1104 981; x_wconf 83' lang='lat' dir='ltr'><strong>libri</strong></span> <span class='ocrx_word' id='word_1_60' title='bbox 1120 923 1198 988; x_wconf 88' lang='lat' dir='ltr'><strong>nimis</strong></span> 
     </span>
     <span class='ocr_line' id='line_1_9' title="bbox 231 1023 1198 1098; baseline 0 -20"><span class='ocrx_word' id='word_1_61' title='bbox 231 1032 378 1098; x_wconf 78' lang='lat' dir='ltr'><strong>augeretur</strong></span> <span class='ocrx_word' id='word_1_62' title='bbox 395 1032 422 1080; x_wconf 90' lang='lat' dir='ltr'><strong>et</strong></span> <span class='ocrx_word' id='word_1_63' title='bbox 437 1024 515 1082; x_wconf 86' lang='lat' dir='ltr'><strong>aliter</strong></span> <span class='ocrx_word' id='word_1_64' title='bbox 529 1025 657 1082; x_wconf 83' lang='lat' dir='ltr'><strong>iuventus</strong></span> <span class='ocrx_word' id='word_1_65' title='bbox 668 1023 862 1088; x_wconf 69' lang='lat' dir='ltr'><strong>deterreretur,</strong></span> <span class='ocrx_word' id='word_1_66' title='bbox 878 1023 975 1081; x_wconf 89' lang='lat' dir='ltr'><strong>deinde</strong></span> <span class='ocrx_word' id='word_1_67' title='bbox 992 1039 1064 1086; x_wconf 82' lang='lat' dir='ltr'><strong>veae,</strong></span> <span class='ocrx_word' id='word_1_68' title='bbox 1080 1040 1116 1081; x_wconf 90' lang='lat' dir='ltr'><strong>ue</strong></span> <span class='ocrx_word' id='word_1_69' title='bbox 1132 1023 1198 1096; x_wconf 89' lang='lat' dir='ltr'><strong>quid</strong></span> 
     </span>
     <span class='ocr_line' id='line_1_10' title="bbox 148 1113 1220 1204; baseline 0 -24"><span class='ocrx_word' id='word_1_70' title='bbox 148 1125 149 1128; x_wconf 74' lang='grc'>’</span> <span class='ocrx_word' id='word_1_71' title='bbox 232 1124 349 1188; x_wconf 87' lang='lat' dir='ltr'><strong>deesset,</strong></span> <span class='ocrx_word' id='word_1_72' title='bbox 373 1140 427 1198; x_wconf 90' lang='lat' dir='ltr'><strong>quo</strong></span> <span class='ocrx_word' id='word_1_73' title='bbox 454 1125 574 1184; x_wconf 86' lang='lat' dir='ltr'><strong>studium</strong></span> <span class='ocrx_word' id='word_1_74' title='bbox 594 1126 661 1186; x_wconf 84' lang='lat' dir='ltr'><strong>iuris</strong></span> <span class='ocrx_word' id='word_1_75' title='bbox 680 1124 765 1182; x_wconf 86' lang='lat' dir='ltr'><strong>civilis</strong></span> <span class='ocrx_word' id='word_1_76' title='bbox 791 1125 823 1180; x_wconf 92' lang='lat' dir='ltr'><strong>ad</strong></span> <span class='ocrx_word' id='word_1_77' title='bbox 849 1113 923 1198; x_wconf 89' lang='lat' dir='ltr'><strong>ipsos</strong></span> <span class='ocrx_word' id='word_1_78' title='bbox 952 1124 1043 1180; x_wconf 77' lang='lat' dir='ltr'><strong>fontes</strong></span> <span class='ocrx_word' id='word_1_79' title='bbox 1068 1117 1220 1204; x_wconf 85' lang='lat' dir='ltr'><strong>accedens</strong></span> 
     </span>
    </p>
   </div>
   <div class='ocr_carea' id='block_1_3' title="bbox 233 1225 1286 1300">
    <p class='ocr_par' dir='ltr' id='par_1_3' title="bbox 233 1225 1286 1300">
     <span class='ocr_line' id='line_1_11' title="bbox 233 1225 1286 1300; baseline 0.002 -20"><span class='ocrx_word' id='word_1_80' title='bbox 233 1227 393 1282; x_wconf 79' lang='lat' dir='ltr'><strong>incitaretur</strong></span> <span class='ocrx_word' id='word_1_81' title='bbox 405 1234 434 1283; x_wconf 85' lang='lat' dir='ltr'><strong>et</strong></span> <span class='ocrx_word' id='word_1_82' title='bbox 448 1227 628 1289; x_wconf 84' lang='lat' dir='ltr'><strong>adiuuaretur.</strong></span> <span class='ocrx_word' id='word_1_83' title='bbox 660 1225 726 1284; x_wconf 82' lang='lat' dir='ltr'><strong>Cum</strong></span> <span class='ocrx_word' id='word_1_84' title='bbox 741 1241 808 1283; x_wconf 82' lang='lat' dir='ltr'><strong>uero</strong></span> <span class='ocrx_word' id='word_1_85' title='bbox 821 1225 950 1299; x_wconf 80' lang='lat' dir='ltr'><strong>pleraque</strong></span> <span class='ocrx_word' id='word_1_86' title='bbox 971 1225 1199 1299; x_wconf 82' lang='lat' dir='ltr'><strong>iurisprudentiae</strong></span> <span class='ocrx_word' id='word_1_87' title='bbox 1276 1275 1286 1300; x_wconf 74' lang='grc'><em>,</em></span> 
     </span>
    </p>
   </div>
   <div class='ocr_carea' id='block_1_4' title="bbox 232 1307 1200 1705">
    <p class='ocr_par' dir='ltr' id='par_1_4' title="bbox 232 1307 1200 1705">
     <span class='ocr_line' id='line_1_12' title="bbox 232 1307 1199 1401; baseline -0.002 -17"><span class='ocrx_word' id='word_1_88' title='bbox 232 1335 420 1392; x_wconf 87' lang='lat' dir='ltr'><strong>monumenta,</strong></span> <span class='ocrx_word' id='word_1_89' title='bbox 437 1343 506 1401; x_wconf 87' lang='lat' dir='ltr'><strong>quae</strong></span> <span class='ocrx_word' id='word_1_90' title='bbox 521 1327 784 1389; x_wconf 76' lang='lat' dir='ltr'><strong>aetatemtulerunt,</strong></span> <span class='ocrx_word' id='word_1_91' title='bbox 806 1326 848 1384; x_wconf 86' lang='lat' dir='ltr'><strong>vel</strong></span> <span class='ocrx_word' id='word_1_92' title='bbox 869 1325 1031 1400; x_wconf 83' lang='lat' dir='ltr'><strong>corruptelis</strong></span> <span class='ocrx_word' id='word_1_93' title='bbox 1052 1307 1199 1400; x_wconf 71' lang='lat' dir='ltr'><strong>deturpata</strong></span> 
     </span>
     <span class='ocr_line' id='line_1_13' title="bbox 234 1427 1199 1501; baseline -0.001 -18"><span class='ocrx_word' id='word_1_94' title='bbox 234 1428 276 1486; x_wconf 86' lang='lat' dir='ltr'><strong>vel</strong></span> <span class='ocrx_word' id='word_1_95' title='bbox 291 1429 375 1488; x_wconf 83' lang='lat' dir='ltr'><strong>esiam</strong></span> <span class='ocrx_word' id='word_1_96' title='bbox 389 1428 517 1484; x_wconf 88' lang='lat' dir='ltr'><strong>lacunosa</strong></span> <span class='ocrx_word' id='word_1_97' title='bbox 537 1436 565 1486; x_wconf 89' lang='lat' dir='ltr'><strong>et</strong></span> <span class='ocrx_word' id='word_1_98' title='bbox 585 1427 671 1484; x_wconf 88' lang='lat' dir='ltr'><strong>lacera</strong></span> <span class='ocrx_word' id='word_1_99' title='bbox 691 1427 724 1484; x_wconf 93' lang='lat' dir='ltr'><strong>ad</strong></span> <span class='ocrx_word' id='word_1_100' title='bbox 745 1444 796 1484; x_wconf 89' lang='lat' dir='ltr'><strong>nos</strong></span> <span class='ocrx_word' id='word_1_101' title='bbox 816 1429 991 1500; x_wconf 83' lang='lat' dir='ltr'><strong>pervenerint</strong></span> <span class='ocrx_word' id='word_1_102' title='bbox 1013 1435 1042 1484; x_wconf 91' lang='lat' dir='ltr'><strong>et</strong></span> <span class='ocrx_word' id='word_1_103' title='bbox 1056 1427 1107 1484; x_wconf 87' lang='lat' dir='ltr'><strong>hoc</strong></span> <span class='ocrx_word' id='word_1_104' title='bbox 1120 1443 1199 1501; x_wconf 86' lang='lat' dir='ltr'><strong>prae·</strong></span> 
     </span>
     <span class='ocr_line' id='line_1_14' title="bbox 233 1516 1200 1603; baseline -0.002 -17"><span class='ocrx_word' id='word_1_105' title='bbox 233 1530 328 1588; x_wconf 86' lang='lat' dir='ltr'><strong>sertim</strong></span> <span class='ocrx_word' id='word_1_106' title='bbox 359 1543 389 1586; x_wconf 81' lang='lat' dir='ltr'><strong>re</strong></span> <span class='ocrx_word' id='word_1_107' title='bbox 416 1529 535 1586; x_wconf 86' lang='lat' dir='ltr'><strong>studium</strong></span> <span class='ocrx_word' id='word_1_108' title='bbox 563 1516 658 1584; x_wconf 82' lang='lat' dir='ltr'><strong>eorum</strong></span> <span class='ocrx_word' id='word_1_109' title='bbox 685 1528 860 1603; x_wconf 80' lang='lat' dir='ltr'><strong>impediatur,</strong></span> <span class='ocrx_word' id='word_1_110' title='bbox 888 1529 973 1602; x_wconf 86' lang='lat' dir='ltr'><strong>prima</strong></span> <span class='ocrx_word' id='word_1_111' title='bbox 1002 1545 1072 1589; x_wconf 87' lang='lat' dir='ltr'><strong>curo·</strong></span> <span class='ocrx_word' id='word_1_112' title='bbox 1093 1530 1121 1584; x_wconf 88' lang='lat' dir='ltr'><strong>in</strong></span> <span class='ocrx_word' id='word_1_113' title='bbox 1147 1529 1200 1586; x_wconf 89' lang='lat' dir='ltr'><strong>hoc</strong></span> 
     </span>
     <span class='ocr_line' id='line_1_15' title="bbox 233 1629 1199 1705; baseline 0 -19"><span class='ocrx_word' id='word_1_114' title='bbox 233 1630 359 1705; x_wconf 88' lang='lat' dir='ltr'><strong>ponenda</strong></span> <span class='ocrx_word' id='word_1_115' title='bbox 386 1637 456 1692; x_wconf 82' lang='lat' dir='ltr'><strong>erat,</strong></span> <span class='ocrx_word' id='word_1_116' title='bbox 484 1638 515 1685; x_wconf 88' lang='lat' dir='ltr'><strong>ut</strong></span> <span class='ocrx_word' id='word_1_117' title='bbox 535 1645 615 1702; x_wconf 90' lang='lat' dir='ltr'><strong>quam</strong></span> <span class='ocrx_word' id='word_1_118' title='bbox 643 1630 848 1704; x_wconf 84' lang='lat' dir='ltr'><strong>integerrimum</strong></span> <span class='ocrx_word' id='word_1_119' title='bbox 872 1629 1000 1703; x_wconf 83' lang='lat' dir='ltr'><strong>quodque</strong></span> <span class='ocrx_word' id='word_1_120' title='bbox 1025 1636 1199 1704; x_wconf 85' lang='lat' dir='ltr'><strong>praestarem.</strong></span> 
     </span>
    </p>
   </div>
   <div class='ocr_carea' id='block_1_5' title="bbox 232 1729 1286 1906">
    <p class='ocr_par' dir='ltr' id='par_1_5' title="bbox 232 1729 1286 1906">
     <span class='ocr_line' id='line_1_16' title="bbox 232 1729 1286 1804; baseline 0 -18"><span class='ocrx_word' id='word_1_121' title='bbox 232 1731 325 1804; x_wconf 88' lang='lat' dir='ltr'><strong>ltaque</strong></span> <span class='ocrx_word' id='word_1_122' title='bbox 347 1732 467 1789; x_wconf 87' lang='lat' dir='ltr'><strong>omnium</strong></span> <span class='ocrx_word' id='word_1_123' title='bbox 487 1732 607 1788; x_wconf 83' lang='lat' dir='ltr'><strong>iuvenies</strong></span> <span class='ocrx_word' id='word_1_124' title='bbox 628 1746 725 1786; x_wconf 87' lang='lat' dir='ltr'><strong>novam</strong></span> <span class='ocrx_word' id='word_1_125' title='bbox 750 1732 937 1788; x_wconf 86' lang='lat' dir='ltr'><strong>recensionem</strong></span> <span class='ocrx_word' id='word_1_126' title='bbox 965 1729 996 1786; x_wconf 79' lang='lat' dir='ltr'><strong>ai</strong></span> <span class='ocrx_word' id='word_1_127' title='bbox 1023 1729 1197 1793; x_wconf 86' lang='lat' dir='ltr'><strong>editionibus,</strong></span> <span class='ocrx_word' id='word_1_128' title='bbox 1284 1745 1286 1750; x_wconf 91' lang='lat'>·</span> 
     </span>
     <span class='ocr_line' id='line_1_17' title="bbox 233 1823 1286 1906; baseline 0.002 -20"><span class='ocrx_word' id='word_1_129' title='bbox 233 1831 330 1905; x_wconf 87' lang='lat' dir='ltr'><strong>quibus</strong></span> <span class='ocrx_word' id='word_1_130' title='bbox 345 1846 418 1891; x_wconf 85' lang='lat' dir='ltr'><strong>nunc</strong></span> <span class='ocrx_word' id='word_1_131' title='bbox 435 1832 544 1896; x_wconf 85' lang='lat' dir='ltr'><strong>utimur,</strong></span> <span class='ocrx_word' id='word_1_132' title='bbox 560 1832 627 1891; x_wconf 89' lang='lat' dir='ltr'><strong>adeo</strong></span> <span class='ocrx_word' id='word_1_133' title='bbox 643 1831 850 1905; x_wconf 80' lang='lat' dir='ltr'><strong>discrepantem,</strong></span> <span class='ocrx_word' id='word_1_134' title='bbox 867 1840 897 1888; x_wconf 87' lang='lat' dir='ltr'><strong>ut</strong></span> <span class='ocrx_word' id='word_1_135' title='bbox 913 1831 1101 1906; x_wconf 77' lang='lat' dir='ltr'><strong>multomagis</strong></span> <span class='ocrx_word' id='word_1_136' title='bbox 1117 1831 1199 1888; x_wconf 86' lang='lat' dir='ltr'><strong>auda·</strong></span> <span class='ocrx_word' id='word_1_137' title='bbox 1284 1823 1286 1860; x_wconf 72' lang='lat'>⁷</span> 
     </span>
    </p>
   </div>
   <div class='ocr_carea' id='block_1_6' title="bbox 220 1918 1197 2008">
    <p class='ocr_par' dir='ltr' id='par_1_6' title="bbox 220 1918 1197 2008">
     <span class='ocr_line' id='line_1_18' title="bbox 220 1918 1197 2008; baseline 0 -20"><span class='ocrx_word' id='word_1_138' title='bbox 220 1934 289 1990; x_wconf 79' lang='lat' dir='ltr'><strong>—ciae</strong></span> <span class='ocrx_word' id='word_1_139' title='bbox 304 1941 332 1990; x_wconf 88' lang='lat' dir='ltr'><strong>et</strong></span> <span class='ocrx_word' id='word_1_140' title='bbox 347 1949 477 1991; x_wconf 87' lang='lat' dir='ltr'><strong>novarum</strong></span> <span class='ocrx_word' id='word_1_141' title='bbox 498 1949 589 1991; x_wconf 82' lang='lat' dir='ltr'><strong>rerum</strong></span> <span class='ocrx_word' id='word_1_142' title='bbox 609 1933 700 1990; x_wconf 86' lang='lat' dir='ltr'><strong>studii</strong></span> <span class='ocrx_word' id='word_1_143' title='bbox 714 1934 831 1994; x_wconf 84' lang='lat' dir='ltr'><strong>incusari</strong></span> <span class='ocrx_word' id='word_1_144' title='bbox 852 1945 965 1996; x_wconf 68' lang='lat' dir='ltr'><strong>verear,</strong></span> <span class='ocrx_word' id='word_1_145' title='bbox 981 1949 1064 2008; x_wconf 88' lang='lat' dir='ltr'><strong>quam</strong></span> <span class='ocrx_word' id='word_1_146' title='bbox 1080 1918 1197 1990; x_wconf 80' lang='lat' dir='ltr'><strong>desidiae</strong></span> 
     </span>
    </p>
   </div>
   <div class='ocr_carea' id='block_1_7' title="bbox 236 2033 1285 2114">
    <p class='ocr_par' dir='ltr' id='par_1_7' title="bbox 236 2033 1285 2114">
     <span class='ocr_line' id='line_1_19' title="bbox 236 2033 1285 2114; baseline 0.002 -26"><span class='ocrx_word' id='word_1_147' title='bbox 236 2033 278 2090; x_wconf 89' lang='lat' dir='ltr'><strong>vel</strong></span> <span class='ocrx_word' id='word_1_148' title='bbox 293 2033 503 2106; x_wconf 79' lang='lat' dir='ltr'><strong>superstitiosae</strong></span> <span class='ocrx_word' id='word_1_149' title='bbox 519 2035 547 2092; x_wconf 89' lang='lat' dir='ltr'><strong>iu</strong></span> <span class='ocrx_word' id='word_1_150' title='bbox 568 2033 673 2090; x_wconf 87' lang='lat' dir='ltr'><strong>traditis</strong></span> <span class='ocrx_word' id='word_1_151' title='bbox 694 2034 919 2114; x_wconf 84' lang='lat' dir='ltr'><strong>perseverantiae.</strong></span> <span class='ocrx_word' id='word_1_152' title='bbox 951 2033 1004 2090; x_wconf 89' lang='lat' dir='ltr'><strong>Sed</strong></span> <span class='ocrx_word' id='word_1_153' title='bbox 1025 2041 1114 2096; x_wconf 84' lang='lat' dir='ltr'><strong>tamen</strong></span> <span class='ocrx_word' id='word_1_154' title='bbox 1133 2049 1199 2090; x_wconf 90' lang='lat' dir='ltr'><strong>cou-</strong></span> <span class='ocrx_word' id='word_1_155' title='bbox 1284 2079 1285 2094; x_wconf 62' lang='lat'><strong>,</strong></span> 
     </span>
    </p>
   </div>
   <div class='ocr_carea' id='block_1_8' title="bbox 156 2132 1286 3015">
    <p class='ocr_par' dir='ltr' id='par_1_8' title="bbox 232 2132 1286 2516">
     <span class='ocr_line' id='line_1_20' title="bbox 232 2132 1198 2208; baseline -0.001 -15"><span class='ocrx_word' id='word_1_156' title='bbox 232 2136 305 2193; x_wconf 85' lang='lat' dir='ltr'><strong>scius</strong></span> <span class='ocrx_word' id='word_1_157' title='bbox 320 2135 387 2192; x_wconf 84' lang='lat' dir='ltr'><strong>mihi</strong></span> <span class='ocrx_word' id='word_1_158' title='bbox 399 2150 470 2197; x_wconf 87' lang='lat' dir='ltr'><strong>sum,</strong></span> <span class='ocrx_word' id='word_1_159' title='bbox 486 2133 554 2192; x_wconf 86' lang='lat' dir='ltr'><strong>nihil</strong></span> <span class='ocrx_word' id='word_1_160' title='bbox 569 2151 611 2192; x_wconf 92' lang='lat' dir='ltr'><strong>me</strong></span> <span class='ocrx_word' id='word_1_161' title='bbox 626 2144 754 2198; x_wconf 89' lang='lat' dir='ltr'><strong>mutasse,</strong></span> <span class='ocrx_word' id='word_1_162' title='bbox 769 2134 822 2192; x_wconf 84' lang='lat' dir='ltr'><strong>nisi</strong></span> <span class='ocrx_word' id='word_1_163' title='bbox 837 2133 962 2192; x_wconf 86' lang='lat' dir='ltr'><strong>omnibus</strong></span> <span class='ocrx_word' id='word_1_164' title='bbox 977 2132 1112 2198; x_wconf 71' lang='lat' dir='ltr'><strong>adhibitis,</strong></span> <span class='ocrx_word' id='word_1_165' title='bbox 1129 2149 1198 2208; x_wconf 90' lang='lat' dir='ltr'><strong>quae</strong></span> 
     </span>
     <span class='ocr_line' id='line_1_21' title="bbox 232 2215 1198 2310; baseline 0 -20"><span class='ocrx_word' id='word_1_166' title='bbox 232 2244 343 2309; x_wconf 86' lang='lat' dir='ltr'><strong>praesto</strong></span> <span class='ocrx_word' id='word_1_167' title='bbox 358 2243 443 2298; x_wconf 85' lang='lat' dir='ltr'><strong>crant,</strong></span> <span class='ocrx_word' id='word_1_168' title='bbox 459 2236 560 2294; x_wconf 86' lang='lat' dir='ltr'><strong>criticis</strong></span> <span class='ocrx_word' id='word_1_169' title='bbox 581 2235 722 2299; x_wconf 88' lang='lat' dir='ltr'><strong>subsidiis,</strong></span> <span class='ocrx_word' id='word_1_170' title='bbox 744 2244 771 2292; x_wconf 90' lang='lat' dir='ltr'><strong>et</strong></span> <span class='ocrx_word' id='word_1_171' title='bbox 791 2252 821 2292; x_wconf 92' lang='lat' dir='ltr'><strong>re</strong></span> <span class='ocrx_word' id='word_1_172' title='bbox 841 2237 941 2295; x_wconf 83' lang='lat' dir='ltr'><strong>iterum</strong></span> <span class='ocrx_word' id='word_1_173' title='bbox 960 2215 1115 2310; x_wconf 80' lang='lat' dir='ltr'><strong>iterumque</strong></span> <span class='ocrx_word' id='word_1_174' title='bbox 1130 2251 1198 2306; x_wconf 87' lang='lat' dir='ltr'><strong>per-</strong></span> 
     </span>
     <span class='ocr_line' id='line_1_22' title="bbox 233 2329 1286 2412; baseline 0.003 -19"><span class='ocrx_word' id='word_1_175' title='bbox 233 2351 327 2410; x_wconf 89' lang='lat' dir='ltr'><strong>pensa.</strong></span> <span class='ocrx_word' id='word_1_176' title='bbox 362 2336 391 2391; x_wconf 89' lang='lat' dir='ltr'><strong>Si</strong></span> <span class='ocrx_word' id='word_1_177' title='bbox 413 2337 460 2408; x_wconf 89' lang='lat' dir='ltr'><strong>qui</strong></span> <span class='ocrx_word' id='word_1_178' title='bbox 480 2350 545 2392; x_wconf 91' lang='lat' dir='ltr'><strong>vero</strong></span> <span class='ocrx_word' id='word_1_179' title='bbox 560 2338 631 2398; x_wconf 88' lang='lat' dir='ltr'><strong>sint,</strong></span> <span class='ocrx_word' id='word_1_180' title='bbox 650 2338 695 2410; x_wconf 89' lang='lat' dir='ltr'><strong>qui</strong></span> <span class='ocrx_word' id='word_1_181' title='bbox 712 2338 778 2394; x_wconf 82' lang='lat' dir='ltr'><strong>vitio</strong></span> <span class='ocrx_word' id='word_1_182' title='bbox 794 2344 908 2400; x_wconf 85' lang='lat' dir='ltr'><strong>vertant,</strong></span> <span class='ocrx_word' id='word_1_183' title='bbox 926 2335 1000 2412; x_wconf 90' lang='lat' dir='ltr'><strong>quod</strong></span> <span class='ocrx_word' id='word_1_184' title='bbox 1013 2329 1043 2390; x_wconf 87' lang='lat' dir='ltr'><strong>in</strong></span> <span class='ocrx_word' id='word_1_185' title='bbox 1059 2337 1197 2407; x_wconf 84' lang='lat' dir='ltr'><strong>corruptis</strong></span> <span class='ocrx_word' id='word_1_186' title='bbox 1284 2363 1286 2396; x_wconf 65' lang='grc' dir='ltr'>ε</span> 
     </span>
     <span class='ocr_line' id='line_1_23' title="bbox 233 2413 1286 2516; baseline 0.001 -23"><span class='ocrx_word' id='word_1_187' title='bbox 233 2436 301 2494; x_wconf 89' lang='lat' dir='ltr'><strong>locis</strong></span> <span class='ocrx_word' id='word_1_188' title='bbox 317 2437 514 2498; x_wconf 86' lang='lat' dir='ltr'><strong>correctiones,</strong></span> <span class='ocrx_word' id='word_1_189' title='bbox 537 2453 606 2510; x_wconf 89' lang='lat' dir='ltr'><strong>quae</strong></span> <span class='ocrx_word' id='word_1_190' title='bbox 621 2437 678 2496; x_wconf 88' lang='lat' dir='ltr'><strong>sola</strong></span> <span class='ocrx_word' id='word_1_191' title='bbox 701 2439 857 2496; x_wconf 86' lang='lat' dir='ltr'><strong>coniectura</strong></span> <span class='ocrx_word' id='word_1_192' title='bbox 876 2413 1014 2496; x_wconf 78' lang='lat' dir='ltr'><strong>nituntur,</strong></span> <span class='ocrx_word' id='word_1_193' title='bbox 1035 2435 1197 2509; x_wconf 84' lang='lat' dir='ltr'><strong>plerumque</strong></span> <span class='ocrx_word' id='word_1_194' title='bbox 1284 2459 1286 2516; x_wconf 57' lang='grc' dir='ltr'>ς</span> 
     </span>
    </p>

    <p class='ocr_par' dir='ltr' id='par_1_9' title="bbox 156 2527 1286 3015">
     <span class='ocr_line' id='line_1_24' title="bbox 234 2527 1286 2612; baseline 0.004 -18"><span class='ocrx_word' id='word_1_195' title='bbox 234 2540 325 2594; x_wconf 85' lang='lat' dir='ltr'><strong>statim</strong></span> <span class='ocrx_word' id='word_1_196' title='bbox 339 2539 368 2594; x_wconf 88' lang='lat' dir='ltr'><strong>in</strong></span> <span class='ocrx_word' id='word_1_197' title='bbox 390 2537 448 2610; x_wconf 88' lang='lat' dir='ltr'><strong>ipsa</strong></span> <span class='ocrx_word' id='word_1_198' title='bbox 463 2539 604 2611; x_wconf 82' lang='lat' dir='ltr'><strong>scriptoris</strong></span> <span class='ocrx_word' id='word_1_199' title='bbox 626 2539 751 2595; x_wconf 89' lang='lat' dir='ltr'><strong>oratione</strong></span> <span class='ocrx_word' id='word_1_200' title='bbox 770 2538 939 2612; x_wconf 87' lang='lat' dir='ltr'><strong>scripserim,</strong></span> <span class='ocrx_word' id='word_1_201' title='bbox 956 2535 1080 2594; x_wconf 88' lang='lat' dir='ltr'><strong>codicum</strong></span> <span class='ocrx_word' id='word_1_202' title='bbox 1102 2535 1199 2593; x_wconf 89' lang='lat' dir='ltr'><strong>editio·</strong></span> <span class='ocrx_word' id='word_1_203' title='bbox 1284 2527 1286 2598; x_wconf 73' lang='grc' dir='ltr'><strong><em>Ϊ</em></strong></span> 
     </span>
     <span class='ocr_line' id='line_1_25' title="bbox 156 2617 1196 2721; baseline 0 -27"><span class='ocrx_word' id='word_1_204' title='bbox 156 2617 158 2623; x_wconf 21' lang='lat'>⁸</span> <span class='ocrx_word' id='word_1_205' title='bbox 233 2653 355 2712; x_wconf 74' lang='lat' dir='ltr'><strong>urumque</strong></span> <span class='ocrx_word' id='word_1_206' title='bbox 374 2639 509 2712; x_wconf 86' lang='lat' dir='ltr'><strong>scriptura</strong></span> <span class='ocrx_word' id='word_1_207' title='bbox 524 2638 565 2694; x_wconf 86' lang='lat' dir='ltr'><strong>vel</strong></span> <span class='ocrx_word' id='word_1_208' title='bbox 587 2639 701 2721; x_wconf 88' lang='lat' dir='ltr'><strong>aliorum</strong></span> <span class='ocrx_word' id='word_1_209' title='bbox 722 2639 885 2697; x_wconf 85' lang='lat' dir='ltr'><strong>coniecturis</strong></span> <span class='ocrx_word' id='word_1_210' title='bbox 906 2645 1011 2696; x_wconf 87' lang='lat' dir='ltr'><strong>tantum</strong></span> <span class='ocrx_word' id='word_1_211' title='bbox 1035 2637 1196 2703; x_wconf 83' lang='lat' dir='ltr'><strong>subnotatis,</strong></span> 
     </span>
     <span class='ocr_line' id='line_1_26' title="bbox 234 2738 1286 2822; baseline 0 -26"><span class='ocrx_word' id='word_1_212' title='bbox 234 2755 282 2796; x_wconf 92' lang='lat' dir='ltr'><strong>eos</strong></span> <span class='ocrx_word' id='word_1_213' title='bbox 297 2741 418 2798; x_wconf 87' lang='lat' dir='ltr'><strong>monitos</strong></span> <span class='ocrx_word' id='word_1_214' title='bbox 433 2740 527 2804; x_wconf 85' lang='lat' dir='ltr'><strong>velim,</strong></span> <span class='ocrx_word' id='word_1_215' title='bbox 545 2756 600 2796; x_wconf 91' lang='lat' dir='ltr'><strong>non</strong></span> <span class='ocrx_word' id='word_1_216' title='bbox 615 2739 715 2798; x_wconf 85' lang='lat' dir='ltr'><strong>stolida</strong></span> <span class='ocrx_word' id='word_1_217' title='bbox 730 2738 893 2798; x_wconf 81' lang='lat' dir='ltr'><strong>confidentia</strong></span> <span class='ocrx_word' id='word_1_218' title='bbox 912 2756 954 2796; x_wconf 90' lang='lat' dir='ltr'><strong>me</strong></span> <span class='ocrx_word' id='word_1_219' title='bbox 973 2739 1002 2796; x_wconf 88' lang='lat' dir='ltr'><strong>id</strong></span> <span class='ocrx_word' id='word_1_220' title='bbox 1017 2739 1128 2802; x_wconf 86' lang='lat' dir='ltr'><strong>iecisse,</strong></span> <span class='ocrx_word' id='word_1_221' title='bbox 1150 2739 1199 2796; x_wconf 84' lang='lat' dir='ltr'><strong>sed</strong></span> <span class='ocrx_word' id='word_1_222' title='bbox 1284 2813 1286 2822; x_wconf 52' lang='lat'><strong>,</strong></span> 
     </span>
     <span class='ocr_line' id='line_1_27' title="bbox 233 2827 1286 2915; baseline 0 -19"><span class='ocrx_word' id='word_1_223' title='bbox 233 2840 389 2899; x_wconf 88' lang='lat' dir='ltr'><strong>iuvenilium</strong></span> <span class='ocrx_word' id='word_1_224' title='bbox 404 2841 553 2896; x_wconf 91' lang='lat' dir='ltr'><strong>animorum</strong></span> <span class='ocrx_word' id='word_1_225' title='bbox 569 2839 784 2904; x_wconf 86' lang='lat' dir='ltr'><strong>rationehahita,</strong></span> <span class='ocrx_word' id='word_1_226' title='bbox 800 2842 848 2915; x_wconf 88' lang='lat' dir='ltr'><strong>qui</strong></span> <span class='ocrx_word' id='word_1_227' title='bbox 862 2842 939 2901; x_wconf 83' lang='lat' dir='ltr'><strong>initio</strong></span> <span class='ocrx_word' id='word_1_228' title='bbox 955 2849 1029 2898; x_wconf 85' lang='lat' dir='ltr'><strong>certa</strong></span> <span class='ocrx_word' id='word_1_229' title='bbox 1040 2841 1133 2896; x_wconf 86' lang='lat' dir='ltr'><strong>malint</strong></span> <span class='ocrx_word' id='word_1_230' title='bbox 1147 2839 1199 2896; x_wconf 85' lang='lat' dir='ltr'><strong>sibi</strong></span> <span class='ocrx_word' id='word_1_231' title='bbox 1284 2827 1286 2834; x_wconf 9' lang='grc' dir='ltr'>θ</span> 
     </span>
     <span class='ocr_line' id='line_1_28' title="bbox 233 2940 1286 3015; baseline 0 -19"><span class='ocrx_word' id='word_1_232' title='bbox 233 2940 316 3004; x_wconf 88' lang='lat' dir='ltr'><strong>tradi,</strong></span> <span class='ocrx_word' id='word_1_233' title='bbox 337 2949 415 3014; x_wconf 88' lang='lat' dir='ltr'><strong>post,</strong></span> <span class='ocrx_word' id='word_1_234' title='bbox 437 2942 460 2998; x_wconf 88' lang='lat' dir='ltr'><strong>si</strong></span> <span class='ocrx_word' id='word_1_235' title='bbox 481 2959 550 3015; x_wconf 91' lang='lat' dir='ltr'><strong>opus</strong></span> <span class='ocrx_word' id='word_1_236' title='bbox 572 2949 627 3004; x_wconf 87' lang='lat' dir='ltr'><strong>est,</strong></span> <span class='ocrx_word' id='word_1_237' title='bbox 642 2943 671 2998; x_wconf 90' lang='lat' dir='ltr'><strong>in</strong></span> <span class='ocrx_word' id='word_1_238' title='bbox 688 2941 906 3015; x_wconf 85' lang='lat' dir='ltr'><strong>disquisitionem</strong></span> <span class='ocrx_word' id='word_1_239' title='bbox 921 2940 1053 3003; x_wconf 85' lang='lat' dir='ltr'><strong>vocanda,</strong></span> <span class='ocrx_word' id='word_1_240' title='bbox 1070 2957 1150 3014; x_wconf 91' lang='lat' dir='ltr'><strong>quam</strong></span> <span class='ocrx_word' id='word_1_241' title='bbox 1170 2942 1199 2996; x_wconf 88' lang='lat' dir='ltr'><strong>iu</strong></span> <span class='ocrx_word' id='word_1_242' title='bbox 1285 2979 1286 3010; x_wconf 65' lang='lat'><em>3</em></span> 
     </span>
    </p>
   </div>
   <div class='ocr_carea' id='block_1_9' title="bbox 233 3041 1197 3117">
    <p class='ocr_par' dir='ltr' id='par_1_10' title="bbox 233 3041 1286 3117">
     <span class='ocr_line' id='line_1_29' title="bbox 233 3041 1197 3117; baseline -0.006 -19"><span class='ocrx_word' id='word_1_243' title='bbox 233 3041 315 3098; x_wconf 87' lang='lat' dir='ltr'><strong>dubio</strong></span> <span class='ocrx_word' id='word_1_244' title='bbox 331 3043 462 3117; x_wconf 86' lang='lat' dir='ltr'><strong>relinqui,</strong></span> <span class='ocrx_word' id='word_1_245' title='bbox 487 3060 519 3100; x_wconf 80' lang='lat' dir='ltr'><strong>ex</strong></span> <span class='ocrx_word' id='word_1_246' title='bbox 539 3059 595 3117; x_wconf 92' lang='lat' dir='ltr'><strong>quo</strong></span> <span class='ocrx_word' id='word_1_247' title='bbox 616 3042 685 3099; x_wconf 87' lang='lat' dir='ltr'><strong>datis</strong></span> <span class='ocrx_word' id='word_1_248' title='bbox 708 3058 860 3117; x_wconf 84' lang='lat' dir='ltr'><strong>quanquam</strong></span> <span class='ocrx_word' id='word_1_249' title='bbox 876 3042 980 3104; x_wconf 76' lang='lat' dir='ltr'><strong>auxiliis</strong></span> <span class='ocrx_word' id='word_1_250' title='bbox 1003 3043 1054 3114; x_wconf 92' lang='lat' dir='ltr'><strong>ipsi</strong></span> <span class='ocrx_word' id='word_1_251' title='bbox 1069 3058 1099 3098; x_wconf 91' lang='lat' dir='ltr'><strong>se</strong></span> <span class='ocrx_word' id='word_1_252' title='bbox 1114 3057 1197 3115; x_wconf 82' lang='lat' dir='ltr'><strong>eupe-</strong></span> 
     </span>
    </p>
   </div>
   <div class='ocr_carea' id='block_1_10' title="bbox 232 3141 1286 3520">
    <p class='ocr_par' dir='ltr' id='par_1_11' title="bbox 232 3141 1286 3532">
     <span class='ocr_line' id='line_1_30' title="bbox 233 3141 1286 3234; baseline 0 -36"><span class='ocrx_word' id='word_1_253' title='bbox 233 3141 466 3234; x_wconf 53' lang='lat' dir='ltr'><strong>diana.·Simtuter</strong></span> <span class='ocrx_word' id='word_1_254' title='bbox 478 3161 574 3202; x_wconf 90' lang='lat' dir='ltr'><strong>vereor</strong></span> <span class='ocrx_word' id='word_1_255' title='bbox 588 3143 730 3200; x_wconf 77' lang='lat' dir='ltr'><strong>offensioni</strong></span> <span class='ocrx_word' id='word_1_256' title='bbox 744 3143 812 3204; x_wconf 85' lang='lat' dir='ltr'><strong>iore,</strong></span> <span class='ocrx_word' id='word_1_257' title='bbox 827 3142 902 3216; x_wconf 90' lang='lat' dir='ltr'><strong>quod</strong></span> <span class='ocrx_word' id='word_1_258' title='bbox 914 3142 1072 3216; x_wconf 81' lang='lat' dir='ltr'><strong>saepissime</strong></span> <span class='ocrx_word' id='word_1_259' title='bbox 1078 3141 1196 3207; x_wconf 62' lang='lat' dir='ltr'><strong>munes,</strong></span> <span class='ocrx_word' id='word_1_260' title='bbox 1284 3209 1286 3212; x_wconf 22' lang='lat'>¹</span> 
     </span>
     <span class='ocr_line' id='line_1_31' title="bbox 232 3242 1200 3317; baseline -0.002 -17"><span class='ocrx_word' id='word_1_261' title='bbox 232 3245 313 3301; x_wconf 84' lang='lat' dir='ltr'><strong>etium</strong></span> <span class='ocrx_word' id='word_1_262' title='bbox 328 3245 476 3302; x_wconf 90' lang='lat' dir='ltr'><strong>multorum</strong></span> <span class='ocrx_word' id='word_1_263' title='bbox 492 3244 642 3306; x_wconf 87' lang='lat' dir='ltr'><strong>verborum,</strong></span> <span class='ocrx_word' id='word_1_264' title='bbox 660 3243 773 3317; x_wconf 81' lang='lat' dir='ltr'><strong>explevi,</strong></span> <span class='ocrx_word' id='word_1_265' title='bbox 791 3252 821 3300; x_wconf 89' lang='lat' dir='ltr'><strong>ut</strong></span> <span class='ocrx_word' id='word_1_266' title='bbox 836 3245 944 3317; x_wconf 81' lang='lat' dir='ltr'><strong>integra</strong></span> <span class='ocrx_word' id='word_1_267' title='bbox 960 3242 1048 3298; x_wconf 84' lang='lat' dir='ltr'><strong>oratio</strong></span> <span class='ocrx_word' id='word_1_268' title='bbox 1069 3244 1200 3300; x_wconf 89' lang='lat' dir='ltr'><strong>restitue·</strong></span> 
     </span>
     <span class='ocr_line' id='line_1_32' title="bbox 232 3341 1197 3419; baseline 0 -19"><span class='ocrx_word' id='word_1_269' title='bbox 232 3354 318 3402; x_wconf 86' lang='lat' dir='ltr'><strong>retur.</strong></span> <span class='ocrx_word' id='word_1_270' title='bbox 348 3345 401 3402; x_wconf 88' lang='lat' dir='ltr'><strong>Sed</strong></span> <span class='ocrx_word' id='word_1_271' title='bbox 416 3347 531 3419; x_wconf 89' lang='lat' dir='ltr'><strong>primum</strong></span> <span class='ocrx_word' id='word_1_272' title='bbox 546 3347 598 3402; x_wconf 90' lang='lat' dir='ltr'><strong>hoc</strong></span> <span class='ocrx_word' id='word_1_273' title='bbox 613 3360 774 3418; x_wconf 76' lang='lat' dir='ltr'><strong>magnorum</strong></span> <span class='ocrx_word' id='word_1_274' title='bbox 796 3345 914 3401; x_wconf 90' lang='lat' dir='ltr'><strong>virorum</strong></span> <span class='ocrx_word' id='word_1_275' title='bbox 936 3341 1077 3416; x_wconf 84' lang='lat' dir='ltr'><strong>exemplo,</strong></span> <span class='ocrx_word' id='word_1_276' title='bbox 1100 3341 1197 3400; x_wconf 88' lang='lat' dir='ltr'><strong>deinde</strong></span> 
     </span>
     <span class='ocr_line' id='line_1_33' title="bbox 233 3443 1197 3520; baseline -0.004 -18"><span class='ocrx_word' id='word_1_277' title='bbox 233 3447 313 3503; x_wconf 89' lang='lat' dir='ltr'><strong>etiam</strong></span> <span class='ocrx_word' id='word_1_278' title='bbox 329 3447 438 3518; x_wconf 88' lang='lat' dir='ltr'><strong>optima,</strong></span> <span class='ocrx_word' id='word_1_279' title='bbox 454 3454 485 3502; x_wconf 92' lang='lat' dir='ltr'><strong>ut</strong></span> <span class='ocrx_word' id='word_1_280' title='bbox 499 3455 581 3520; x_wconf 84' lang='lat' dir='ltr'><strong>puto,</strong></span> <span class='ocrx_word' id='word_1_281' title='bbox 598 3447 704 3504; x_wconf 87' lang='lat' dir='ltr'><strong>ratione</strong></span> <span class='ocrx_word' id='word_1_282' title='bbox 723 3445 785 3502; x_wconf 86' lang='lat' dir='ltr'><strong>ieci.</strong></span> <span class='ocrx_word' id='word_1_283' title='bbox 820 3445 886 3504; x_wconf 88' lang='lat' dir='ltr'><strong>Nam</strong></span> <span class='ocrx_word' id='word_1_284' title='bbox 909 3445 983 3520; x_wconf 87' lang='lat' dir='ltr'><strong>quod</strong></span> <span class='ocrx_word' id='word_1_285' title='bbox 1006 3443 1040 3500; x_wconf 91' lang='lat' dir='ltr'><strong>de</strong></span> <span class='ocrx_word' id='word_1_286' title='bbox 1061 3445 1197 3516; x_wconf 88' lang='lat' dir='ltr'><strong>corruptis</strong></span> 
     </span>
    </p>
   </div>
   <div class='ocr_carea' id='block_1_11' title="bbox 0 0 1298 3954">
    <p class='ocr_par' dir='ltr' id='par_1_12' title="bbox 0 0 1298 3954">
     <span class='ocr_line' id='line_1_34' title="bbox 0 0 1298 3954; baseline 0 0"><span class='ocrx_word' id='word_1_287' title='bbox 0 0 1298 3954; x_wconf 95' lang='lat' dir='ltr'><strong> </strong></span> 
     </span>
    </p>
   </div>
  </div>
 </body>
</html>
