2634 3960
204 209 253 256 550
390 219 454 258 uos.
473 219 507 254 er
527 217 592 258 sou.
613 217 708 256 suoru
727 215 844 253 concur.
864 203 883 254 1.
902 203 977 250 2-5.

262 361 331 434 llap.
350 361 382 416 ll.'
410 359 537 415 Paulus
554 376 691 432 quoque
707 359 802 414 libro
824 359 951 432 quinto
973 356 1172 413 sentehtia-
1224 422 1230 428 ,

204 463 274 500 rum
295 445 356 500 suh
377 446 481 502 titulo
502 444 540 499 ad
561 443 672 518 legem
694 443 887 499 Corneliam
908 443 947 498 de
969 442 1112 497 sicariis
1141 451 1174 497 et

204 530 375 586 ueneficis
406 521 527 584 dicit:2
561 526 585 583 1'.
609 527 663 583 Les
684 527 817 583 Corrselia·
828 529 943 600 poenam
974 527 1172 600 deportationis

204 613 304 686 infligit
319 615 352 676 ei,
370 615 416 686 qui
433 614 567 668 hominem
585 613 722 673 occiderit,
739 603 872 666 'eiusue3
895 613 934 667 rei
954 628 1046 672 causa,
1069 612 1172 666 furtiue

205 698 320 752 faciendi
346 715 406 754 cum
428 697 482 754 telo
504 697 599 759 luerit,
627 691 742 770 ’quiuel
763 712 898 751 uenenum
921 687 1036 751 hominis
1060 694 1173 750 necandi

205 797 285 836 causa
304 781 440 842 hahuerit,
459 781 624 844 condiderit,
648 783 798 855 peccauerit,
822 780 953 836 lalsumue
985 781 1174 835 testimonium

205 865 317 927 dirimit,
340 882 394 938 quo
422 867 482 938 quis
506 867 622 938 periret,
645 867 777 921 mortisue
797 859 906 920 causam
921 866 1097 938 praestiterit.
1142 859 1171 920 2.

205 947 278 1015 Quae
299 951 387 1004 omnia
408 950 526 1004 facinora
551 951 580 1005 ia
608 951 780 1006 honestiores
795 965 892 1022 poena
924 950 1018 1020 capitis
1041 949 1173 1005 uindicari

142 1091 145 1098 ,
204 1033 317 1105 placuit:
336 1033 492 1089 humiliores
517 1049 582 1088 uero
603 1041 649 1089 aut
669 1037 696 1089 iu
713 1051 820 1090 crucem
842 1033 990 1095 tolluntur,
1010 1041 1056 1088 aut
1077 1031 1172 1088 hestiis

205 1113 414 1186 ’obiicirrntrir.⁵
512 1138 517 1162 ι

270 1201 335 1276 llap.
356 1203 398 1257 lll.
430 1203 593 1276 Ulpianus
623 1202 714 1258 libro
744 1220 809 1260 v11.
855 1203 894 1258 de
924 1201 1048 1257 ollicio
1088 1219 1175 1274 pro·

207 1288 366 1343 consulis
406 1287 467 1343 suh
503 1288 610 1342 titulo
649 1288 687 1342 de
728 1288 870 1342 sicariis
908 1295 941 1341 et
982 1287 1174 1342 uenalicis:

203 1369 228 1427 1.
246 1370 337 1444 Capite
351 1373 438 1444 primo
455 1372 524 1444 legis
540 1369 678 1426 Corneliae
694 1371 726 1426 de
742 1373 845 1427 sicariis
862 1379 987 1432 cauetur,
1006 1379 1035 1425 ut
1050 1373 1072 1426 is
1089 1387 1170 1443 prae·

204 1465 249 1510 tor
263 1455 380 1510 iudcaue
396 1457 570 1527 quaestionis,
588 1457 631 1510 cui
646 1463 721 1510 sorte
738 1455 879 1510 obuenerit
900 1457 1025 1528 quaestio
1047 1455 1081 1510 de
1103 1457 1171 1510 sioa-

206 1540 252 1594 riis
269 1539 340 1600 eius,
364 1534 437 1610 quod
458 1541 485 1593 in
501 1538 567 1594 urbe
583 1539 666 1594 Roma
681 1537 854 1612 propiuslue)
870 1540 943 1595 mille
959 1557 1054 1612 passus
1071 1539 1172 1594 laetum

206 1625 249 1682 sit,
266 1624 306 1676 uti
322 1631 433 1695 quaerat
448 1639 508 1677 cum
524 1622 665 1687 iudIcibus
682 1625 728 1696 qui
745 1625 768 1678 ei
784 1625 894 1698 exlege
910 1633 985 1680 sorte
1002 1623 1173 1684 obuenerint,

206 1705 347 1779 decapite
368 1709 439 1780 elius,
466 1710 591 1780 quicum
613 1707 669 1764 telo
696 1707 874 1764 ambulauerit
901 1709 1018 1764 hominis
1050 1707 1173 1769 necandi,

205 1789 442 1846 furtiue'laciendi
462 1808 555 1855 causa,
580 1793 751 1848 hominemne
767 1791 911 1854 occiderit,
934 1794 1047 1849 cuiusue
1062 1792 1090 1846 id
1106 1791 1171 1848 dolo

204 1875 401 1931 malefactum
429 1878 481 1931 erit
513 1884 544 1933 et
573 1877 721 1950 reliqua.
764 1876 897 1932 Relatis
924 1876 1042 1932 uerbis
1077 1876 1171 1949 legis

206 1959 304 2014 modo
334 1961 409 2033 ipse
439 1960 596 2033 loquitur
625 1960 810 2033 Ulpianus:
865 1958 893 2018 2.
926 1961 998 2016 Haec
1036 1962 1080 2017 lex
1114 1977 1172 2016 nou

205 2059 326 2106 omnem,
348 2046 394 2118 qui
414 2061 474 2100 cum
497 2044 551 2099 telo
567 2044 757 2106 ambulauerit‚
774 2047 867 2118 punit:
898 2045 946 2102 sed
968 2061 1029 2100 eum
1057 2053 1171 2108 tautum,

205 2130 251 2201 qui
266 2129 381 2184 hominis
402 2129 527 2190 necandi,
549 2127 651 2184 furtiue
669 2129 784 2185 faciendi
810 2146 890 2184 causa
916 2130 999 2184 telum
1021 2127 1171 2204 geissehit.

206 2213 338 2269 ’coercet
380 2201 553 2287 Compescit⁶
572 2215 638 2269 item
659 2230 728 2276 eum,
751 2215 798 2287 qui
813 2214 950 2270 homiuem
972 2207 1104 2275 occidit,⁷
1121 2230 1173 2270 nee

205 2292 341 2361 'adiicit,⁸
356 2300 432 2353 cuius
449 2295 617 2353 conditionis
628 2294 778 2361 homiuem,
796 2306 826 2353 ut
842 2306 869 2353 et
884 2298 916 2352 ad
932 2290 1042 2354 seruum
1059 2307 1087 2354 et
1108 2316 1170 2372 per·

204 2384 329 2454 egricum
343 2384 481 2454 pertinere
497 2382 563 2437 haec
579 2382 622 2437 lea
639 2382 771 2438 uideatur.
1042 2429 1045 2434 Δ

269 2464 334 2537 Kap.
365 2465 407 2519 lV.
449 2465 531 2519 item
557 2466 680 2521 Paulus
702 2467 808 2530 libro,
832 2483 898 2540 quo
925 2484 1040 2540 supra,
1065 2475 1096 2523 et
1127 2469 1173 2522 ti-

207 2547 278 2602 tulo
295 2548 395 2604 dicit:
413 2547 437 2604 1.
456 2549 594 2604 Homicida
609 2559 659 2612 est,
676 2553 722 2623 qui
742 2552 832 2624 aliquo
854 2568 955 2624 genere
971 2551 1018 2606 teli
1033 2551 1173 2608 hominem

206 2633 312 2695 occidit,
329 2634 461 2688 mortisue
476 2649 582 2688 causam
594 2636 742 2707 praestitit.

270 2716 335 2789 llap.
352 2717 383 2772 V.
413 2716 497 2772 Item
521 2717 560 2773 de
582 2718 784 2774 casualibus
809 2721 1010 2776 homicidiis
1032 2720 1170 2794 Moyses

207 2802 378 2876 legaliter
393 2795 516 2858 dicitz⁹
545 2798 569 2858 1.
587 2802 615 2858 Si
631 2811 720 2859 autem
741 2803 844 2865 subito,
867 2822 922 2860 non
939 2821 989 2878 per
1008 2805 1170 2869 inimicitias,

207 2935 410 2946 '‘u——

205 3016 225 3080 ²)
246 3018 318 3066 Idem
341 3026 491 3081 eucarpium
513 3021 640 3082 repetitur
664 3020 700 3067 tit.
721 3028 741 3068 8.
765 3036 786 3068 e.
806 3029 827 3070 4.
850 3039 884 3064 ==
908 3022 981 3070 Paul.
1001 3031 1024 3081 5,
1044 3031 1078 3071 23.
1102 3021 1129 3088 S.
1150 3032 1170 3073 1.

206 3083 228 3147 ³)
248 3088 343 3148 eiusque
360 3086 425 3136 Cdd.
445 3088 503 3138 edd.
590 3085 610 3145 ⁴)
637 3095 659 3135 et
682 3089 721 3151 qui
745 3087 809 3139 cad.
830 3091 888 3140 edd.
975 3087 996 3153 5)
1016 3091 1090 3141 Paul.
1116 3089 1172 3142 Vis.

207 3153 354 3202 subiciuntur
373 3154 435 3203 Odd.
455 3155 514 3207 edd.
588 3154 609 3216 6)
630 3158 708 3204 coerci
728 3158 848 3221 compesci
868 3155 901 3206 B.
927 3157 1024 3206 coherci
1043 3159 1174 3222 compescit

210 3221 268 3278 Vra,-
287 3236 332 3274 om.
354 3238 407 3270 cum
424 3237 478 3285 seq.
497 3225 594 3271 item..
610 3224 718 3273 ,occidit
735 3224 781 3273 Ve.
806 3226 937 3288 compescit
951 3221 1052 3290 (omaso
1066 3225 1171 3288 coercet)

204 3291 248 3339 ed.
268 3288 310 3342 Bt.
396 3289 417 3351 7)
437 3291 545 3340 Addunt
562 3289 611 3343 B..·
629 3293 732 3349 coemit,
756 3292 814 3341 Vc:
832 3294 945 3348 coerciti.
969 3291 1031 3344 Va:
1049 3309 1171 3356 coercere,

208 3355 251 3408 Bl.
265 3359 321 3408 ed„-
339 3365 440 3407 coercet.
471 3358 580 3407 Verbum
597 3363 661 3410 mate
678 3361 812 3422 repetitum
830 3361 937 3416 uidetur,
955 3365 1089 3425 postquam
1107 3375 1173 3410 com·

207 3426 282 3487 pescit
298 3427 384 3488 priori
400 3427 541 3474 sententiae
557 3441 608 3490 per
626 3442 740 3476 eruorem
758 3428 904 3490 applicitum
922 3434 988 3479 erat.
1045 3427 1066 3488 8)
1086 3430 1174 3479 adiecit

208 3489 271 3539 Odd.
291 3495 349 3543 edd.
417 3491 439 3557 ⁹)
459 3493 562 3544 Numer.
581 3503 613 3554 85,
632 3503 725 3544 22-25.
