2614 3960
507 208 611 246 VRAGU.
631 207 687 245 ΠΒ.
707 208 773 245 BOM.
792 207 885 244 varic.

95 399 99 406 ,
136 401 137 404 ¹
183 391 184 394 ,
213 345 253 394 ita
273 347 474 407 consueverint,
493 348 523 394 ut
541 345 612 394 idem
632 361 686 395 non
704 347 786 396 anxie
804 347 965 411 perquisitis
983 347 1092 412 imperii
1110 352 1184 398 tem-

212 413 327 478 poribus
352 414 436 460 etiam
466 414 495 460 in
517 413 661 476 rescriptis
685 417 750 463 ante
779 429 804 462 a.
823 416 882 466 293.
909 413 982 464 datis
1001 415 1099 464 iacere
1124 431 1183 466 non

212 479 410 530 dubitaverint.
450 479 574 530 Tandem
601 480 672 544 quod
695 479 852 530 Momsenus
881 488 1027 532 asseverat
1053 481 1089 546 (p.
1108 483 1182 548 39⁷),

143 547 153 556 ”
212 549 286 597 inter
304 547 476 597 Diocletiani
495 552 522 597 et
536 548 708 612 collegarum
721 549 859 613 rescripta
870 549 931 599 loco
946 555 1021 600 certo
1034 550 1181 616 insignita,

132 629 139 652 -·
185 631 187 636 ’
215 621 284 680 quae
303 616 332 664 in
351 613 453 666 Codice
472 620 586 680 recepta
604 621 681 679 sunt,
701 632 790 681 paene
813 616 920 666 nullum
943 618 997 667 nisi
1020 619 1049 666 iu
1072 619 1182 668 oriente

81 683 122 760 '3⁸3
145 711 148 716 ·
213 683 307 732 datum
326 687 445 744 exstare,
465 682 532 732 licet
550 683 578 731 id
596 683 731 734 hactenus
750 692 857 734 tantum
876 700 970 734 verum
989 687 1033 744 sit,
1053 689 1083 733 ut
1095 685 1181 749 longe

212 751 293 815 plura
312 749 426 799 orientis
453 765 533 814 quam
557 751 710 801 occidentis
734 751 858 802 habeant
884 751 973 802 locum
999 753 1179 817 adscriptum,

137 873 139 876 v
212 817 390 867 memorabile
409 821 502 868 tamen
522 822 578 880 est,
598 819 627 867 in
645 819 782 870 Vaticano
806 820 879 868 inter
896 835 951 869 non
973 818 1060 869 multa
1082 820 1182 871 horum

212 885 369 949 principum
386 886 523 950 rescripta
541 901 590 936 sex
610 901 669 937 esse
683 888 711 935 in
724 887 829 948 Africa,
848 886 934 936 ltalia
947 887 993 937 val
1007 886 1100 937 Gallia
1113 888 1182 938 data

214 950 273 1016 (88.
285 952 327 1004 41.
340 953 398 1002 271.
412 953 469 1002 282.
484 955 543 1003 292.
557 956 615 1004 313.
632 953 719 1018 3158}
741 970 773 1004 ex
792 953 889 1018 quibus
909 955 1028 1020 quinque
1047 970 1108 1004 cum
1122 971 1182 1004 rur-

147 1025 161 1054 ’-
212 1034 259 1068 sus
278 1019 380 1071 sintin
399 1019 440 1070 tit.
462 1020 494 1070 de
509 1021 713 1081 donationibus,
732 1023 788 1070 iam
801 1022 958 1071 confectum
971 1023 1087 1084 videtur,
1106 1023 1182 1071 hun'c

212 1086 412 1149 titulumeum,
432 1103 511 1152 quem
530 1089 594 1148 dixi,
613 1089 744 1139 babuisse
763 1089 881 1151 fontem,
901 1105 1017 1154 eamque
1035 1090 1125 1153 ipsam
1144 1091 1181 1139 ob

90 1149 92 1152 ’
151 1177 154 1188 2
212 1167 327 1204 causam
354 1155 419 1206 huic
440 1158 604 1218 praesertim
626 1156 708 1206 titulo
737 1172 754 1206 a
777 1171 936 1220 possessore
956 1156 1121 1220 Gregoriani
1151 1163 1182 1206 et

177 1281 178 1284 Ἴ
210 1223 304 1273 Herm.
330 1221 442 1272 Codicis
467 1224 740 1274 commemorationes
764 1223 918 1288 adscriptas
947 1237 1024 1281 esse,
1053 1223 1137 1288 quod.
1154 1225 1181 1272 is

213 1289 325 1340 aliunde
352 1291 432 1340 buius
459 1291 534 1340 tituli
561 1291 773 1342 constitutiones
800 1291 940 1355 profectas
968 1306 1029 1340 esse
1057 1307 1183 1355 comper-

212 1362 269 1406 tum
296 1358 420 1407 baberet.
471 1358 599 1408 Ueterum
631 1365 659 1408 et
690 1359 720 1407 in
752 1358 815 1408 aliis
846 1358 935 1408 titulis
968 1359 1104 1422 quaedam
1136 1374 1182 1408 re-

213 1427 318 1488 scripta
342 1429 369 1474 et
389 1425 506 1474 maxime
525 1426 635 1488 quidem
651 1430 713 1490 post
726 1425 932 1475 Diocletianum
951 1426 1059 1487 emissa,
1079 1426 1108 1474 in
1125 1441 1181 1490 quo

213 1493 307 1605 saltilm
332 1492 519 1556 Gregorianus
546 1493 660 1555 desinit,
691 1492 802 1542 aliunde
833 1493 862 1542 in
889 1509 935 1543 eos
966 1494 1077 1543 venisse
1107 1494 1182 1543 veri-

212 1560 302 1606 simie
322 1562 372 1608 est.

280 1660 322 1707 Ex
344 1657 470 1708 ICtorum
494 1660 572 1710 libris
596 1661 762 1725 excerpendi
785 1665 813 1712 et
837 1664 968 1726 excerpta
999 1661 1182 1726 componendi

213 1741 271 1776 mos
298 1726 357 1775 sine
385 1726 467 1776 dubio
494 1733 556 1792 post
583 1730 811 1782 constitutionum
839 1728 1018 1780 collectiones
1050 1728 1181 1786 invaluit.

212 1795 340 1844 Nostram
360 1793 552 1846 collectionem
572 1796 714 1845 continere
737 1797 819 1844 trium
836 1794 964 1845 ictorum
982 1797 1105 1860 species,
1124 1796 1180 1845 Pa-

212 1863 329 1927 piniani,
348 1862 463 1927 Ulpiani
482 1867 510 1913 et
527 1863 634 1924 Paulli,
660 1865 733 1912 inter
751 1878 844 1913 omnes
865 1867 981 1914 constat.
1018 1864 1060 1914 De
1080 1867 1179 1926 quarto

183 1935 185 1940 '
213 1929 355 1979 dubitatur
371 1935 484 1994 propter
502 1929 550 1995 88.
569 1932 695 1981 90-92.:
720 1945 789 1994 quae
814 1946 875 1982 eum
894 1947 927 1980 ex
946 1930 1010 1981 ‘lib
1030 1931 1051 1979 Ι.
1073 1929 1178 1982 11.111.

214 1999 247 2048 de
266 1998 438 2048 interdictis’
458 2003 584 2062 sumptae
609 1999 676 2058 sint,
700 1997 750 2047 sed
771 2013 870 2048 nomen
888 1997 949 2047 ICti
971 1996 1075 2048 nullum
1099 2013 1180 2061 prae·
1205 2056 1207 2062 Ι

212 2067 346 2131 scriptum
365 2066 501 2128 habeant,
521 2081 537 2114 a
556 2065 695 2130 plerisque
714 2063 833 2128 Ulpiano
853 2064 1019 2125 tribuuntur,
1039 2081 1073 2114 ea
1091 2065 1180 2129 potis-

212 2135 309 2183 simum
332 2133 366 2182 de
390 2147 489 2195 causa,
514 2133 587 2195 quod
610 2147 681 2196 quae
708 2133 830 2197 proxime
858 2133 1038 2193 antecedunt,
1063 2131 1180 2196 Ulpiani

212 2207 285 2250 sunt.
305 2201 358 2251 Sed
375 2201 428 2249 hoc
446 2204 521 2250 stare
540 2215 594 2250 non
611 2205 717 2264 potest;
738 2216 802 2250 nam
820 2215 871 2249 neo
884 2199 1034 2265 Ulpianum
1053 2201 1179 2264 proprios

213 2269 246 2319 de
265 2267 423 2319 interdictis
440 2267 525 2318 libros
544 2269 688 2332 scripsisse
707 2272 801 2317 notum
821 2273 879 2328 ast,
901 2272 928 2316 et
951 2281 1022 2330 quae
1041 2268 1070 2315 in
1088 2266 1116 2330 8.
1135 2269 1178 2318 90.

214 2337 247 2388 de
264 2336 412 2386 interdicto
432 2335 528 2396 ‘Quod
545 2334 716 2400 legatorum'
735 2335 875 2400 profertur
892 2336 1048 2399 sententia,
1068 2336 1095 2384 ei
1114 2349 1178 2385 con·

213 2406 328 2453 trariam
346 2404 446 2468 probat
464 2403 602 2467 Ulpianus
621 2404 652 2451 L.
673 2406 696 2453 l.
714 2401 740 2465 8.
760 2405 785 2454 8.
809 2404 843 2452 D.
864 2402 934 2466 quod
956 2402 1042 2467 legat.
1063 2399 1121 2466 (43,
1140 2401 1180 2465 3).

214 2471 341 2532 Accedit,
360 2470 505 2534 quodcum
518 2471 652 2520 Venuleio
666 2471 825 2533 Saturnino,
844 2485 924 2534 quem
936 2485 1027 2529 unum,
1047 2470 1072 2519 si
1084 2469 1182 2518 Arria-

214 2553 278 2586 num
297 2538 442 2588 obscurum
461 2541 600 2586 auctorem
619 2538 773 2602 exceperis,
793 2537 827 2587 de
851 2537 1008 2586 interdictis
1032 2537 1179 2602 scripsisse

214 2605 330 2665 scimus,
356 2603 524 2654 confidenter
547 2605 707 2654 abiudicare
732 2621 811 2669 posse
835 2606 905 2654 istos
927 2605 1079 2655 Vaticanos
1102 2605 1180 2656 locos

17 2708 21 2717 ,
41 2665 57 2738 ᾗ
134 2715 143 2720 .,
157 2726 160 2732 ,
213 2671 412 2724 Buchholtzius
425 2671 479 2722 sibi
491 2672 567 2721 visus
581 2677 632 2733 est,
650 2687 747 2736 parum
758 2673 787 2722 id
799 2670 990 2738 probabilibus
1008 2673 1182 2737 argumentis

214 2742 316 2791 fecisse
335 2740 557 2805 deprehenditur.
589 2741 661 2791 Nam
673 2755 724 2790 nec
736 2755 831 2790 verum
850 2743 901 2801 est,
922 2739 995 2804 quod
1013 2741 1054 2790 ait
1071 2756 1097 2806 p.
1110 2742 1180 2802 297„

215 2807 263 2874 88.
283 2824 367 2874 supra
392 2809 557 2873 scriptarum
580 2814 722 2857 auctorem
745 2807 895 2858 interdicta
913 2807 953 2857 ita
972 2812 1121 2868 tractasse,
1150 2812 1181 2856 nt

184 2927 187 2933 ,
214 2878 378 2927 divisionem
395 2876 474 2926 illam
486 2880 657 2940 sequeretur,
695 2874 749 2925 uod
760 2875 911 2926 interdicta
922 2875 968 2925 vel
981 2874 1181 2939 adipiscendae

215 2944 261 2994 vel
279 2943 438 2994 retinendae
461 2943 508 2993 vel
530 2891 736 3009 recuperanqdae
759 2942 943 3008 possessionis
966 2941 1038 3006 sint,
1058 2941 1086 2991 id
1110 2941 1182 3007 quod

214 3013 276 3076 ipsa
295 3026 338 3062 res
362 3011 517 3076 redarguit,
542 3027 593 3061 nec
619 3009 766 3069 credibile,
785 3007 948 3060 Venuleium
973 3025 1006 3059 ax
1028 3011 1181 3075 partitione

213 3078 242 3126 in
260 3077 455 3142 prohibitoria,
475 3080 647 3128 restitutoria
666 3084 694 3129 et
712 3077 880 3127 exhibitoria
904 3077 1013 3143 singula
1029 3076 1182 3128 interdicta

214 3146 389 3210 ineptissime
402 3151 576 3210 persecutum
590 3162 659 3198 esse.
686 3147 745 3202 Imo
757 3145 925 3195 Vaticanum
938 3149 1081 3195 auctorem
1094 3145 1182 3194 edicti

214 3214 343 3279 perpetui
350 3213 479 3276 ‚ordinem
492 3217 616 3264 secutum
629 3229 697 3274 esse,
717 3213 778 3278 ipsa
790 3211 931 3262 titulorum
944 3213 1183 3278 praescriptorum

136 3285 143 3297 “
215 3284 302 3332 series
321 3281 449 3332 ostendit.
475 3282 550 3332 Idem
569 3297 634 3332 vero
654 3283 738 3331 etiam
751 3280 914 3342 Venuleius,
935 3281 961 3331 si
977 3279 1053 3330 iocos
1073 3281 1181 3329 exeius

216 3350 295 3399 libris
313 3350 341 3398 in
360 3349 485 3414 Digestis
505 3353 630 3399 servatos
650 3353 781 3398 accurata
800 3349 873 3397 inter
895 3363 924 3398 se
949 3353 978 3397 et
1002 3363 1063 3397 cum
1085 3345 1179 3396 ordine

215 3416 300 3466 edicti
319 3417 479 3477 contuleris,
499 3417 602 3466 fecisse
624 3415 851 3479 deprehenditur,
870 3422 901 3464 ut
919 3421 1012 3466 tamen
1029 3413 1179 3464 interdicta

215 3483 248 3531 de
267 3485 350 3534 rebus
372 3485 459 3533 divini
478 3487 506 3532 et
523 3482 627 3545 publici
646 3484 715 3532 iuris
728 3486 777 3532 aut
789 3484 935 3542 omitteret,
955 3487 1003 3533 aut
1015 3479 1179 3532 brevissime
