2648 3974
484 173 669 208 en111uer1r.
690 159 725 208 tv.
745 160 853 209 88-94.
1099 161 1149 210 295

179 317 309 372 iudicium
332 316 448 388 accepim
473 315 523 370 sed
545 331 605 370 eum
625 317 653 370 in
674 331 731 370 rem
747 317 849 389 agitur,
871 315 937 371 nihil
952 315 980 370 in
995 317 1148 371 intentione

146 439 150 442 -
179 401 245 457 iaeit
266 402 324 456 eius
345 417 475 474 persona,
504 415 564 456 eum
586 415 640 472 quo
669 401 772 474 agitur,
800 401 859 456 siue
879 417 929 456 suo
956 401 1064 456 nomine
1090 402 1148 456 siue

179 586 237 625 rem
259 571 357 624 actoris
379 585 448 624 esse.

180 697 182 701 .
245 651 296 710 88.
320 653 462 710 Videamus
478 668 563 715 nune,
582 652 678 726 quibus
695 670 726 708 ex
743 655 829 710 causis
846 655 882 716 is,
899 671 960 710 eum
977 670 1037 726 quo·
1048 655 1148 727 agitur,

177 737 226 793 uel
242 737 299 800 hio,
317 739 362 812 qui
378 736 470 811 ’a(9it,
489 735 621 811 eo)gatur
635 737 774 793 satisdare.
785 729 823 771 ¹3⁰
862 735 912 795 89.
930 737 1016 812 igitur
1033 739 1055 792 si
1073 737 1148 794 uerbi

178 823 268 896 gratia
293 823 321 877 iu
346 839 402 878 rem
423 830 512 878 tecum
534 837 625 896 agam,
652 823 717 877 satis
737 823 803 878 mihi
824 823 887 879 dare
908 822 1004 878 debes:
1031 839 1148 896 aequum

180 907 252 972 euim
268 907 355 962 uisum
372 915 422 970 est,
440 904 477 979 (te
492 903 566 979 rideo
583 905 656 979 quod
671 907 774 962 interea
790 906 836 962 tibi
852 924 923 972 rem,
940 923 1007 980 quae
1023 923 1057 962 an
1073 907 1108 964 ad
1121 914 1148 962 te

179 993 314 1064 pertineat
329 990 439 1048 dubium
455 989 533 1064 (est),
550 991 690 1064 possidere
705 992 876 1054 conceditur,
896 1009 956 1048 oum
972 991 1148 1048 satisdatione

180 1075 246 1130 mihi
267 1091 377 1138 cauere,
405 1083 435 1131 ut
455 1077 478 1132 si
499 1077 586 1138 uictus
607 1077 657 1138 sis,
685 1093 735 1131 neo
755 1092 811 1132 rem
827 1077 912 1150 ipsam
928 1078 1069 1139 restituas,
1099 1091 1149 1132 nee

179 1159 235 1215 litis
252 1161 464 1216 aestimationem
480 1160 600 1229 sufferas,
617 1161 732 1218 sitmihi
747 1167 868 1233 potestas
881 1168 930 1232 ¹aut
945 1167 1035 1216 tecum
1050 1159 1147 1234 agendi

177 1252 228 1300 aui
254 1261 314 1300 oum
340 1244 518 1318 sponsoribus
544 1237 550 1322 (
577 1246 640 1300 tuis.
702 1239 752 1300 90.
787 1243 927 1319 Multoque
948 1246 1036 1318 magis
1064 1242 1145 1302 debes
1156 1253 1214 1300 222.

179 1327 311 1389 satisdare
327 1330 406 1391 mihi,
426 1330 450 1384 si
465 1329 552 1386 alieno
568 1329 676 1387 nomine
691 1329 817 1386 iudicium
833 1330 966 1402 accipias„
1001 1324 1046 1384 ei.
1071 1326 1149 1383 Cete-

181 1429 243 1468 rum
268 1415 381 1478 eumin
407 1430 462 1472 rem
489 1415 559 1469 aetio
579 1413 679 1488 duplex
700 1415 749 1477 sit,
778 1421 824 1470 aut
844 1415 915 1470 enim
935 1430 985 1486 per
1004 1411 1149 1468 formulam

180 1499 336 1571 petitoriam
351 1495 441 1572 agitur
455 1506 502 1552 aut
516 1515 566 1571 per
580 1499 769 1571 sponsionem,
791 1497 924 1571 siquidem
940 1515 989 1572 per
1005 1495 1148 1556 formulam

181 1583 337 1656 petitoriam
354 1584 459 1656 agitur,
481 1582 526 1638 illa
541 1583 680 1656 stipulatio
696 1583 786 1639 lorum
801 1583 896 1646 hebet,
913 1599 981 1656 quae
997 1581 1150 1656 appellatur

180 1677 357 1724 rvnrenrvm
372 1682 478 1730 sonui,
494 1667 516 1722 si
534 1683 598 1722 uero
613 1683 664 1740 per
678 1669 862 1740 sponsionem,
878 1665 930 1730 ilia,
947 1684 1015 1740 quae
1031 1665 1148 1740 appella·

182 1757 228 1806 tur
254 1765 313 1808 rso
339 1767 463 1808 esurus
484 1767 568 1808 nirrs
585 1745 658 1807 ‘sul
679 1767 897 1810 vrunrornnvu.
942 1747 990 1807 92.
1020 1751 1151 1806 Petitoria

181 1843 272 1890 autem
293 1834 408 1892 formula
430 1836 495 1892 haee
510 1842 566 1898 est,
589 1852 641 1909 qua
663 1844 739 1892 antor
752 1835 881 1898 intendit,
903 1852 960 1890 rem
981 1851 1056 1890 suam
1077 1849 1149 1889 esse.

180 1915 233 1976 93.
254 1918 306 1975 Per
320 1922 495 1994 sponsionem
510 1936 576 1976 uero
593 1920 645 1976 hoo
660 1921 740 1976 modo
763 1921 882 1994 agimus:
908 1935 1089 1992 prouoeamus
1105 1917 1150 1972 ad-

182 2005 331 2061 uersarium
356 2005 403 2060 tali
420 2004 590 2077 sponsione:
618 2019 648 2060 s1
668 2021 771 2066 nouo,
799 2019 862 2068 ovo
883 2021 925 2060 ns
948 2018 1080 2066 nerrva,
1108 2017 1151 2058 nx

180 2103 256 2150 svam
274 2105 442 2153 (svmmvm
457 2103 538 2146 unus
554 2104 621 2150 ssu,
639 2103 831 2146 susrnnrros
845 2105 907 2146 xxv
920 2103 1051 2144 nummos
1063 2101 1150 2153 maan

183 2173 344 2230 sronuns?
371 2173 467 2228 deinde
488 2173 631 2229 formulam
651 2171 770 2235 edimus,
793 2165 846 2246 qua
866 2171 1045 2233 intendimus,
1068 2186 1151 2242 spon·

181 2258 265 2313 sionis
286 2272 416 2312 summam
437 2255 515 2314 nohis
537 2256 596 2312 dari
614 2264 755 2331 oportere;
782 2273 835 2330 qua
856 2256 971 2312 formula
990 2257 1028 2310 ita
1043 2255 1151 2310 demum

182 2343 329 2403 uincimus,
355 2343 379 2396 si
404 2341 623 2415 probauerimus,
651 2357 707 2397 rem
734 2349 855 2397 nostram
881 2357 951 2396 esse.
1003 2335 1057 2395 ¹04.
1091 2337 1151 2394 Non

180 2419 273 2481 tamen
298 2425 364 2482 haee
389 2442 492 2481 summa
518 2427 673 2498 sponsionis
699 2427 828 2500 eiigitur:
855 2441 906 2482 nee
931 2426 1002 2480 euim
1028 2422 1152 2498 poenalis

185 2515 242 2572 est,
264 2509 312 2565 sed
332 2509 543 2584 pradudieiads,
568 2518 595 2566 et
615 2517 729 2584 propter
744 2511 798 2567 hoo
812 2510 902 2566 solum
917 2507 961 2573 iit,
984 2517 1014 2564 ui
1029 2524 1078 2582 per
1094 2524 1150 2564 eam

184 2593 219 2650 de
234 2610 263 2648 re
278 2593 423 2659 iudicetur;
446 2595 518 2650 unde
533 2596 613 2650 etiam
628 2598 666 2658 is,
688 2611 748 2651 cum
767 2612 821 2669 quo
838 2595 936 2669 epitom
955 2611 1012 2651 noo
1028 2594 1151 2664 restipu-

177 2678 275 2742 ¹lator;
289 2679 350 2735 ideo
365 2686 454 2735 autem
471 2679 604 2753 appellata
619 2688 660 2736 est
673 2695 734 2737 rso
751 2695 878 2736 aennon
895 2693 978 2736 nmis
994 2692 1154 2737 smmum·

170 2860 226 2922 ³³⁰)
242 2862 290 2922 agit
308 2863 367 2910 satis
380 2862 437 2912 dare
450 2862 562 2920 [debent]
576 2863 617 2914 ed.
630 2860 682 2926 Bp.
696 2871 717 2912 5.
769 2859 789 2924 1)
809 2861 868 2912 Hor
885 2862 990 2910 deletum
1007 2861 1101 2915 motimr
1119 2859 1156 2922 os.

184 3043 211 3110 δ.
223 3049 264 3097 89.
283 3046 324 3110 Cf.
335 3064 379 3112 pr.
394 3049 420 3100 I.
433 3050 465 3098 de
477 3049 569 3099 sutisd.
584 3045 619 3110 (t,
633 3045 677 3112 lt).
697 3048 771 3099 Paul.
787 3056 811 3110 1,
826 3055 856 3097 tt.
871 3045 897 3110 S.
913 3055 931 3095 1.
1033 3048 1094 3098 .90.
1112 3045 1154 3094 0.

182 3129 227 3177 pr.
240 3113 264 3164 I.
277 3115 320 3166 et't.
339 3115 384 3169 Fr.
402 3116 463 3166 Vat.
476 3125 522 3166 317.
542 3116 575 3164 L.
586 3124 618 3165 53.
631 3115 664 3164 D.
679 3117 710 3165 de
721 3131 827 3179 procur.
841 3112 871 3178 (3,
882 3113 916 3178 3).
986 3109 1003 3179 ξ
1024 3154 1030 3165 .
1044 3115 1154 3166 91-93.

186 3180 225 3244 Cf.
239 3179 292 3246 88.
304 3191 325 3234 1.
339 3191 374 3232 te.
395 3184 441 3239 Fr.
457 3183 520 3234 Vnt.
532 3191 577 3236 636.
599 3181 695 3232 ‘Vetera
715 3183 793 3233 Proh.
809 3191 829 3234 4.
853 3181 906 3232 Cir.
924 3181 1000 3231 Vero.
1016 3190 1039 3239 1,
1054 3190 1088 3232 45.
1105 3177 1153 3244 88.

184 3258 228 3298 ris.
244 3259 289 3300 us.
308 3259 328 3309 a,
342 3259 375 3301 12.
394 3249 423 3315 3.
438 3260 470 3303 at.
497 3253 622 3302 formatam
634 3252 711 3316 petit]
725 3251 760 3314 of.
775 3249 801 3315 3,
815 3259 838 3300 t.
856 3250 881 3302 l.
900 3252 932 3300 de
949 3250 1043 3299 interd.
1059 3246 1094 3310 (a,
1110 3246 1152 3310 rs).

160 3353 166 3362 .
182 3316 215 3366 L.
227 3325 260 3368 36.
278 3317 313 3366 D.
333 3320 365 3368 de
382 3321 423 3370 rei
438 3321 505 3372 aiod.
524 3317 559 3382 (6,
575 3318 606 3382 ι).
637 3333 725 3371 rumne.
741 3320 835 3375 sonvr]
853 3318 886 3380 rf.
907 3318 938 3369 L.
952 3325 974 3368 6.
987 3324 1007 3366 6.
1026 3315 1058 3366 D.
1076 3315 1153 3364 indic.

178 3387 246 3434 solvi
258 3383 306 3449 (46,
320 3385 354 3449 t).
384 3401 437 3436 rso
455 3401 564 3436 ransom
577 3403 604 3438 n.
618 3389 656 3445 v.]
675 3386 712 3448 of.
729 3387 762 3436 L.
775 3394 808 3435 36.
827 3386 860 3434 D.
880 3387 911 3434 de
925 3384 1040 3448 fideiuss.
1060 3378 1108 3444 (td,
1122 3380 1154 3444 1).

24 3453 27 3462 ·
91 3470 95 3475 ·
183 3451 818 3518 n.11.n.2aura,a0m(o,o.Putasses.
900 3448 925 3523 6.
940 3453 981 3500 94.
1007 3448 1047 3513 Cf·
1061 3447 1108 3513 66·
1121 3457 1156 3500 1³·
