2590 4286
215 797 449 863 OYRILLVS.
495 795 746 860 DOMNINVS.
790 795 1155 863 DEMOSTHENES.

241 929 491 996 EVDOXIVS.
535 930 787 996 PATRICIVS.
832 929 1110 997 AMBLIOHVS.

262 1120 303 1169 Ex
321 1120 364 1169 his
382 1120 575 1185 prudentibus,
597 1133 710 1182 quorum
730 1120 864 1183 quaedam
884 1121 1041 1170 sententiae
1060 1123 1174 1184 partim
1262 1125 1264 1146 ²

195 1205 212 1240 a
238 1187 442 1238 iurisconsultis
468 1187 624 1238 Iustiniano
652 1190 765 1236 coaeuis
796 1189 897 1252 partim
924 1187 953 1236 in
979 1187 1174 1239 Basilicorum
1262 1213 1264 1238 ;

194 1255 309 1306 scholiis
339 1259 597 1316 commemorantur,
623 1259 753 1318 quattuor
770 1254 887 1318 medios,
907 1256 1085 1317 Domninum,
1106 1259 1171 1306 De·
1262 1261 1264 1274 '

194 1323 378 1385 mosthenem,
398 1324 551 1372 Eudoxium
571 1328 599 1370 et
616 1321 781 1384 Patricium,
800 1323 958 1372 Iustiniano
977 1323 1071 1388 paullo
1091 1326 1170 1372 anti·
1263 1363 1264 1380 ,

195 1391 305 1455 quiores
324 1392 412 1440 fuisse
437 1396 465 1440 et
488 1391 516 1438 in
538 1391 606 1438 iuris
630 1389 739 1451 schola,
765 1390 885 1439 fortasse
903 1391 1050 1454 Berytensi
1074 1390 1173 1464 (certo
1263 1387 1264 1432 l

185 1453 268 1508 'enim
291 1459 344 1508 hoc
369 1458 503 1508 affirmari
529 1472 583 1506 non
611 1459 725 1520 potest),
753 1455 868 1507 Codices
892 1459 1062 1522 antiquiores
1091 1475 1173 1510 ανιιι·
1262 1465 1264 1512 2

196 1518 343 1591 γνώιμιισι
364 1523 407 1590 (fr.
427 1528 451 1576 ι,
471 1524 544 1588 8.)1.
564 1541 587 1574 e.
607 1524 774 1574 lectionibus
793 1527 991 1590 interpretatos
1011 1541 1080 1588 esse,
1100 1533 1171 1591 post
1261 1535 1264 1588 ,³

194 1593 345 1643 Reizium'
338 1609 367 1642 ιιι
388 1608 445 1643 exc
463 1592 523 1644 XX,
543 1593 577 1641 ad
595 1591 821 1657 Theophilump.
837 1595 901 1642 1241
916 1608 974 1656 seq
993 1593 1168 1644 demonstra-

193 1663 235 1711 vit
225 1660 376 1711 throlus
400 1659 472 1710 Gnil
493 1661 557 1708 Ern.
577 1659 779 1709 Heimbachius
802 1659 873 1710 libro
897 1661 930 1710 de
953 1661 1068 1710 Basilio.
1093 1664 1168 1728 orig

193 1729 270 1792 Lips.
285 1729 359 1780 1825.
373 1746 399 1794 p.
414 1731 447 1778 66
460 1743 516 1792 seq.
545 1727 672 1776 Ειιοιιιιι
686 1743 752 1778 vero
770 1730 942 1792 superiorum
961 1729 1019 1778 fere
1032 1731 1169 1792 omnium,

193 1797 365 1848 Eudoxiot
338 1802 365 1846 et
382 1795 506 1844 Patricio
526 1796 611 1844 etiam
629 1795 731 1844 Herois
748 1810 848 1844 nomen
865 1797 1054 1912 tribuenttium,
1073 1798 1131 1846 frat
1121 1805 1169 1846 ter
1262 1793 1264 1798 ’

194 1863 288 1914 Caroli
302 1865 441 1914 Grrstavus
454 1863 689 1925 Heimbachius,
682 1879 711 1911 ιιι
728 1862 772 1910 his
791 1864 891 1912 studiis
908 1864 1014 1928 pariter
1025 1871 1168 1928 versatus
1262 1897 1264 1900 -

193 1932 327 1982 Auecdot.
345 1933 367 1985 Ι
387 1947 446 1995 p.
431 1933 490 1980 203.
510 1931 613 1995 primus
634 1930 767 1992 convicit,
786 1946 841 1980 non
859 1947 958 1980 nomen
977 1933 1118 1996 proprium
1134 1933 1168 1982 id
1262 1931 1264 1954 ³

194 2015 256 2050 esse
276 2014 306 2048 os
308 1999 433 2060 tendens,
453 1997 503 2047 sed
521 1998 665 2061 epitheton
684 1966 834 2062 quoddam,
854 2013 908 2061 quo
926 2003 975 2048 aut
994 2015 1096 2064 magna
1114 1999 1163 2050 ho·

164 2094 171 2108 ·
194 2082 252 2116 rum
271 2067 390 2117 virorum
410 2066 564 2114 auotoritas
584 2067 657 2114 aut'
649 2081 705 2114 1am
725 2065 871 2117 defunctos
892 2081 937 2115 eos
950 2082 1010 2116 esse
1024 2067 1163 2138 significa-

194 2140 281 2184 retur:
302 2141 417 2197 utroque
437 2134 509 2182 enim
533 2149 615 2183 sensu
639 2133 856 2198 appellationem
874 2131 925 2184 τοῦ
948 2125 1040 2250 ἥρωος
1060 2151 1076 2184 ιι
1094 2137 1164 2184 ιοιι-

194 2202 318 2266 ptoribus
337 2206 497 2264 usurpatam
518 2216 588 2253 esse
626 2201 706 2280 Quod
729 2206 830 2250 utnon
849 2217 933 2266 nego,
957 2205 998 2251 ita
1021 2203 1162 2281 proprium

193 2277 287 2319 tamen
306 2268 371 2332 quid
389 2269 453 2317 huic
472 2270 678 2334 cognomento'
671 2283 772 2332 messe,
792 2284 852 2317 cum
871 2269 952 2318 istius
966 2271 1029 2320 aevi
1041 2271 1159 2334 pruden-

194 2339 269 2386 tibus
287 2337 376 2394 datur,
396 2337 530 2386 existimo.
565 2337 686 2384 Primum
706 2337 777 2384 enim
797 2337 869 2399 quod
894 2337 928 2386 ad
948 2338 1036 2402 ipsam
1056 2337 1160 2402 signifi·

196 2410 242 2454 cat
232 2405 335 2454 tionem
355 2405 457 2454 attinet
463 2409 633 2469 ‚utrumque
653 2421 685 2454 eo
705 2403 900 2468 comprehendi
918 2412 966 2468 put
969 2421 996 2467 0,
1017 2409 1045 2453 et
1063 2405 1164 2454 desun-

195 2477 270 2521 ctum
288 2471 375 2520 virum
394 2487 455 2522 esse
475 2477 503 2522 ct
519 2487 652 2522 summam
671 2473 730 2521 eius
744 2472 817 2536 apud
830 2478 954 2536 posteros
968 2473 1164 2524 auctoritatem

197 2543 279 2602 atque
298 2539 422 2619 gloriam.
448 2541 601 2604 Utrumque
621 2539 693 2588 enim
713 2539 795 2589 etiam
808 2540 1001 2604 complectitur
1020 2540 1164 2604 epitheton

197 2607 296 2655 iisdem
314 2608 383 2657 viris
402 2608 504 2667 datum,
515 2623 577 2683 quo
596 2597 915 2682 τὸτοῦἦρωοςιιιιιιιιιι
927 2607 1164 2686 variarividetur,
1262 2645 1264 2666 ,

194 2667 283 2740 ὁτῆς
303 2665 440 2734 ιυκλιοῦς
463 2667 577 2740 μνήμης
597 2673 640 2737 (fr.
660 2677 710 2738 6.)
735 2691 823 2740 οτης
845 2674 1025 2740 περιφανοῦς
1048 2647 1166 2755 phripqc
1262 2675 1264 2712 ³

197 2741 243 2806 (fr.
258 2739 309 2806 13.)
331 2749 358 2793 ιι
377 2744 512 2806 ‘inclytae
526 2744 661 2792 recordat
642 2745 736 2794 tronis'
739 2758 811 2806 ‚quo
824 2743 996 2792 Iustinianus
1009 2745 1062 2792 Pat
1052 2745 1162 2792 tricium

195 2817 276 2860 ornat
295 2811 486 2876 Graecumque
509 2810 578 2860 illud
601 2810 720 2876 elogium
745 2811 845 2860 Latine
869 2817 929 2860 vert
932 2827 976 2860 ere
999 2811 1076 2860 videt
1066 2817 1109 2859 tnr
1132 2811 1161 2859 in

195 2883 282 2930 const.
318 2881 411 2928 Tanta
430 2881 506 2928 circa
525 2877 552 2942 8.
567 2881 590 2928 9.
611 2879 654 2928 his
673 2879 774 2940 verbis,
795 2892 866 2941 quae
885 2879 987 2942 primus
1002 2877 1032 2930 Ο.
1046 2878 1163 2927 Wittius

194 2945 235 3008 (in
251 2945 377 2995 Richteri
397 2947 467 2995 Krit.
480 2946 575 2996 Jahrb.
591 2947 609 2994 f.
623 2946 648 2996 d.
660 2945 727 2998 RW.
746 2948 768 2996 Ι.
786 2963 810 3010 p.
826 2945 877 3007 15.)
897 2951 972 2996 recte
992 2945 1113 2996 scribere
1133 2953 1164 2994 et

193 3013 353 3077 intelligere
373 3014 478 3063 docuit:
499 3015 553 3064 ‘vir
572 3015 607 3062 ab
628 3015 741 3078 antiqua
759 3018 845 3077 stirpe
865 3013 991 3078 legitima
1010 3011 1163 3078 procedens

195 3081 245 3144 (sc.
264 3081 420 3142 Anatolius,
441 3097 510 3130 unus
531 3097 563 3130 ex
581 3083 714 3132 XVIviris
733 3081 857 3146 Digestis
877 3080 1081 3144 conficiendis),
1101 3097 1161 3130 cum

195 3153 223 3198 et
241 3155 322 3213 pater
342 3149 401 3198 eius
419 3149 554 3198 Leontius
574 3155 601 3198 et
619 3165 687 3198 airus
706 3149 845 3199 Eudoxius
871 3154 932 3212 post
950 3149 1102 3199 Patricium
1121 3150 1162 3198 in-

196 3217 287 3280 clytae
306 3217 436 3266 recordat
438 3217 510 3267 ionis
529 3219 716 3280 quaestorium
740 3220 768 3266 et
787 3221 1005 3276 antecessorem,
1026 3223 1054 3265 et
1072 3217 1161 3266 Leon-

194 3287 270 3344 tium,
289 3286 377 3336 virum
396 3286 623 3364 gloriosissimum
640 3285 865 3350 praefectorium,
885 3283 1058 3334 consularem
1077 3288 1160 3348 atque

161 3395 162 3398 ,
193 3354 352 3417 patricium,
372 3353 457 3403 filiurn
478 3355 545 3416 eins,
565 3353 696 3416 optimam
715 3354 758 3402 sui
774 3352 933 3432 mempriam
951 3353 979 3401 in
993 3352 1101 3415 legibus
1119 3368 1159 3402 re-

193 3421 354 3485 liquerunt!
395 3421 503 3471 Deinde
527 3421 725 3484 animadverti,
754 3417 805 3472 τοῦ
831 3411 923 3487 ἥρωος
951 3422 1159 3484 cognomentum
