2634 3960
356 227 418 262 uos.
439 225 473 260 nu
491 227 557 264 noar.
577 225 673 262 nuevu
692 215 866 266 consenti.
886 217 910 265 3.
1064 219 1113 266 561
1163 283 1165 288 Ι

147 367 259 426 tundem
284 375 341 429 est,
364 369 415 424 nisi
437 367 633 441 'persequutus
653 362 761 426 iilam¹³
776 370 956 426 interfecerit:
972 373 1114 427 continua·

117 525 122 528 -
146 455 223 509 tione
239 455 309 509 enim
326 453 406 507 animi
422 451 529 508 uidetur
544 453 613 526 tegis
629 455 789 510 auctoritate
805 454 911 510 Iecisse.

212 535 359 612 Kap.,lli.'
398 536 485 592 idem
511 537 636 592 Paulus
670 537 787 594 eodem
812 539 993 612 siuguiari
1022 540 1112 596 libro

146 630 175 678 et
197 623 312 677 titulo.
359 617 383 676 1.
411 621 504 677 Certae
531 629 620 677 autem
652 630 844 678 enumerantur
869 639 1014 697 personae,
1047 642 1112 698 quas

147 707 208 760 uiro
234 708 311 762 liceat
333 705 455 761 occidere
469 707 505 762 ¹in
526 705 658 762 adulterio
680 706 847 780 deprehensa
870 725 966 772 urore,
990 712 1112 782 quamuis

147 805 259 846 uxorem
282 790 439 846 nondiceat.
471 789 499 848 2.
523 789 596 865 Ergo
619 791 767 847 secundum
783 792 867 866 ’legis
888 788 1021 866 (verland-⁴
1041 797 1110 858 uiro.

144 877 226 933 etiam
246 874 432 936 filiofamilias.
454 876 621 948 permittitur
650 876 782 931 ’attamen
808 871 910 932 modo⁵
933 877 1004 936 dorni
1027 871 1111 934 suae¹6

74 969 78 978 ·
143 959 347 1032 deprehensum
363 959 514 1014 adulterum
530 958 682 1015 interficere
695 976 814 1024 seruum,
831 969 858 1017 et
870 977 940 1025 eum,
954 964 1000 1036 qui
1015 971 1109 1018 aucto·

5 1009 8 1048 ἔ
91 1098 97 1108 ,
145 1052 269 1099 ramento
285 1051 398 1118 rogatus
412 1050 453 1099 est
477 1043 509 1098 ad
526 1044 660 1118 gladium,
684 1045 728 1099 uei
744 1048 825 1100 etiam
840 1045 929 1108 ilium,
947 1049 992 1120 qui
1014 1064 1110 1120 operas

144 1144 218 1190 suas,
242 1136 272 1182 ut
297 1143 368 1184 cum·
383 1127 476 1183 bestiis
503 1137 651 1202 pugnaret,
668 1123 798 1185 locauit.⁷
841 1125 870 1186 3.
895 1129 947 1186 Sed
970 1137 997 1186 et
1012 1131 1110 1186 iudicio

145 1212 262 1285 publico
278 1213 431 1268 damnatum
453 1213 517 1268 iicet
538 1210 692 1268 interficere
707 1215 735 1268 in
758 1213 891 1269 adulterio
903 1214 1110 1286 deprehensum,

5 1279 7 1292 ⁵
97 1313 100 1316 ·
146 1296 191 1352 uel
214 1295 355 1354 ’libertum
370 1290 489 1352 uxorisss'
499 1298 544 1352 uei
560 1293 638 1352 suurn
656 1297 699 1354 uei
715 1292 902 1370 'paternunr,9
914 1307 1005 1355 ettam
1023 1300 1110 1354 ciuem

145 1379 293 1438 Romanurn
309 1397 388 1454 quam
410 1380 554 1437 Latinum:
583 1383 650 1454 'quo
675 1383 735 1437 loeo
752 1389 779 1438 et
796 1383 938 1438 dediticius
953 1376 1112 1440 hahetur.²⁰

142 1462 173 1520 4.
185 1513 188 1521 .
198 1465 251 1522 Sed
268 1474 295 1521 et
309 1466 393 1541 patris
409 1473 437 1521 et
452 1469 544 1523 matris
560 1474 588 1522 et
603 1465 650 1520 filii
666 1475 692 1522 et
712 1465 780 1522 filiae
802 1467 928 1522 libertum
945 1469 1111 1541 permittitur

144 1550 277 1606 occidere.
315 1547 342 1610 6.
366 1550 450 1606 Debet
465 1559 554 1606 autem
569 1549 708 1624 profiteri’
725 1545 824 1623 (rem)¹
843 1550 913 1625 apud
935 1568 1010 1614 eum.
1034 1553 1110 1634 cuius

144 1632 293 1690 iurisdictio
309 1644 351 1690 est
366 1651 399 1690 eo
415 1635 485 1698 ioco.
503 1636 546 1691 ubi
563 1635 669 1698 oceidit.
686 1645 712 1692 et
730 1653 840 1692 uxorem
856 1636 1000 1691 dimittere.
1033 1635 1110 1704 Quod

143 1719 167 1773 si
189 1736 244 1774 non
265 1719 369 1783 iecerit,
390 1721 500 1792 impune
527 1737 582 1778 non
613 1715 792 1777 'interiecit.²
836 1716 865 1776 6.
888 1720 1031 1776 Sciendum
1068 1729 1110 1778 est

5 1785 10 1806 ³
90 1801 92 1806 ’
142 1811 247 1868 autern,
270 1803 363 1858 diuum
378 1804 494 1860 Marcum
511 1812 539 1860 et
560 1805 735 1860 Commodum
756 1806 943 1876 rescripsisse,
965 1821 1040 1867 eum,
1064 1807 1110 1878 qui

143 1880 316 1941 adulterum³
336 1888 437 1944 inlicite
458 1889 637 1950 interfecerit,
659 1890 754 1945 leuiori
770 1905 858 1962 poena
872 1889 971 1961 puniri.
1013 1888 1111 1944 Sedet

144 1969 256 2042 Magnus
273 1965 447 2026 Antoninus⁴
462 1975 583 2046 pepercit
599 1975 646 2036 eis,
664 1975 709 2046 qui
728 1973 866 2029 adulteros
888 1973 1042 2028 inconsulto
1065 1991 1109 2030 ca·

144 2052 203 2108 iore
215 2052 288 2108 ducti
303 2053 507 2112 interfecerunt.
553 2056 592 2112 Et
616 2057 761 2129 reliqua.

144 2185 347 2195 -,-.......-.-

143 2251 176 2317 ¹³)
196 2261 351 2318 persequatur
369 2255 434 2304 iiiam
452 2244 494 2303 Β(
513 2260 667 2316 persequatur
685 2255 749 2302 iiiam
769 2262 792 2302 et
813 2253 855 2304 Vi.
873 2255 919 2302 Vc.
940 2256 980 2304 ed.
993 2254 1035 2308 Bt.
1070 2256 1108 2318 Os.

125 2315 205 2382 infr.
225 2338 248 2370 c.
261 2330 281 2370 9.
301 2321 332 2372 L.
348 2331 381 2370 23.
396 2320 423 2385 3
436 2329 458 2369 4.
477 2321 510 2374 L.
524 2329 549 2368 32
559 2336 602 2382 pr.
616 2321 649 2372 D.
662 2321 686 2371 Ic.
699 2327 717 2370 t.
770 2317 791 2384 4)
811 2322 874 2382 leges
888 2321 951 2378 odd.
964 2323 1023 2372 edd.
1047 2324 1108 2372 Vid.

145 2389 272 2455 Zeitsclan
294 2388 381 2440 XIII.
398 2405 425 2453 p.
444 2397 477 2441 at.
497 2395 522 2438 et
540 2389 602 2450 infr.
622 2404 644 2440 c.
665 2397 696 2440 12.
716 2387 745 2450 S.
757 2397 777 2436 2.
847 2386 868 2450 5)
888 2390 957 2438 etiam
970 2389 1034 2443 Gdd.
1048 2393 1107 2444 edd.

143 2489 214 2554 Stude
240 2499 270 2539 tm
289 2465 312 2542 d]
331 2506 445 2540 errorem
463 2497 621 2542 creaverunt.
725 2486 746 2555 6)
771 2489 829 2539 Non
847 2491 921 2539 etium
938 2494 1030 2542 soceri.
1067 2492 1108 2555 Of.

142 2558 174 2606 L.
194 2565 219 2605 24
234 2574 277 2620 pr.
297 2563 331 2612 l).
349 2559 374 2608 t.
394 2565 411 2610 t.
431 2559 493 2621 infr.
512 2574 533 2608 c.
555 2567 586 2609 ti.
607 2556 633 2620 S.
652 2565 673 2610 6.
690 2573 761 2620 supr.
780 2573 801 2606 c.
819 2565 841 2610 2.
861 2555 887 2620 g.
905 2567 926 2610 2.
1014 2556 1108 2622 ⁷)Hic

141 2625 173 2674 od
192 2617 413 2688 ὁμοιοτέλευτον
428 2627 487 2688 fere
505 2627 646 2677 excideret:
666 2627 735 2688 quiue
754 2627 807 2675 leno
821 2627 864 2674 init
876 2627 944 2688 quiue
958 2635 1032 2675 artem
1045 2629 1106 2677 iudi·
1164 2630 1166 2636 ’

142 2707 207 2742 cram
226 2701 281 2745 ente
300 2697 364 2751 iecit,
383 2696 438 2743 inne
457 2709 553 2743 scenam
572 2694 673 2742 saltandi
693 2693 833 2742 cantandiue
852 2707 923 2742 causa
941 2695 1040 2756 prodiit.
1064 2693 1105 2757 Of.

141 2761 174 2810 L.
187 2771 211 2809 et
228 2778 271 2826 pr.
289 2764 323 2814 Ι).
342 2763 366 2811 d.
387 2769 405 2811 t.
475 2761 496 2824 Β)
516 2763 570 2812 Hic
587 2763 654 2811 netto
672 2763 749 2812 modo
765 2763 844 2810 omitti
860 2762 950 2823 potuit,
971 2761 1005 2823 cf.
1024 2762 1056 2810 L.
1071 2770 1105 2811 et.

140 2831 183 2882 cie
213 2831 282 2880 etiam
300 2831 340 2881 Vi.
367 2831 502 2879 iibertinum
515 2830 549 2882 B.
572 2831 618 2878 Ve.
638 2829 696 2878 edd.
714 2829 762 2878 doc
777 2829 874 2891 factum
892 2843 927 2876 eac
945 2828 1104 2877 libertumux.

139 2894 161 2958 9)
181 2901 198 2947 i.
217 2915 238 2947 e.
257 2901 343 2963 putris
361 2901 453 2947 uxoris
471 2899 510 2948 oet
532 2901 572 2946 sui
594 2898 724 2948 demortui.
830 2894 863 2959 20)
887 2895 951 2942 Eum
975 2898 1038 2944 enim
1062 2899 1106 2946 tex

12 3023 16 3030 ι
69 2971 72 2978 ’
140 2965 211 3020 Iade
228 2968 338 3017 nondum
356 2971 478 3021 nocerem
496 2967 544 3015 sed
561 2980 596 3015 cac
613 2965 739 3014 sententia
758 2965 811 3012 ciue
830 2969 873 3012 eut
891 2963 951 3011 ciuis
970 2963 1040 3012 Rom.
1061 2971 1106 3014 out

140 3033 229 3082 Latini
246 3037 300 3085 loco
318 3033 449 3083 debendus
467 3041 532 3089 erat,
552 3033 585 3096 cf.
607 3033 664 3081 Gai.
678 3041 697 3090 3,
716 3039 809 3079 74-76.
837 3030 903 3081 Gdd.
923 3037 948 3079 et
967 3032 1025 3080 edd.
1043 3031 1106 3082 daec

140 3099 218 3147 verde
239 3103 325 3164 inepte
348 3103 384 3150 ad
406 3101 500 3150 calcem
524 3100 552 3164 8.
570 3109 591 3152 t.
614 3101 772 3156 reiecerunt,
795 3101 861 3148 unde
889 3097 937 3148 duc
959 3101 1105 3148 reuocanda

140 3173 223 3218 erant.
320 3168 339 3229 ¹)
358 3169 418 3218 IIoc
436 3169 534 3218 excidit
552 3167 583 3218 od
602 3168 756 3216 antecedens
774 3167 814 3217 ·ri.
853 3165 892 3228 Os.
914 3167 1050 3215 ‘testandae
1068 3169 1104 3216 rei

140 3237 227 3280 causa’
246 3235 280 3282 L.
299 3244 324 3283 25
339 3251 382 3298 pr.
401 3237 435 3285 D.
454 3237 478 3284 It.
499 3244 517 3286 t.
536 3235 609 3297 infre
627 3251 649 3283 c.
672 3242 701 3286 122
721 3232 748 3296 3.
768 3244 786 3283 5.
874 3231 895 3295 2)
915 3233 961 3282 Em
979 3231 1047 3285 Seni,
1068 3235 1103 3296 cj.

140 3300 254 3349 interficit
272 3301 335 3354 Odd.
355 3304 413 3351 edd.
482 3301 502 3365 8)
523 3304 563 3351 De
581 3303 700 3350 adultera
717 3316 782 3351 ncnc
800 3301 911 3364 loquitur
928 3300 961 3348 L.
981 3308 1014 3348 38.
1035 3299 1064 3362 S.
1083 3309 1104 3349 8.

140 3367 173 3415 D.
187 3367 211 3416 Ιι.
226 3374 255 3426 t..
274 3370 322 3417 sed
339 3367 374 3416 ibi
390 3365 520 3432 tependum
536 3371 636 3419 uidetur
654 3371 732 3418 uxoris
749 3371 773 3418 in
792 3368 908 3417 adulterio
926 3368 1103 3430 deprehensum.

139 3432 161 3500 ⁴)
180 3433 211 3483 Is
234 3442 273 3484 est
291 3434 451 3494 Caracallus,
475 3439 577 3502 eiusque
601 3437 701 3486 videtur
724 3451 779 3484 esse
801 3435 834 3482 L.
854 3443 874 3484 t.
896 3433 922 3483 0.
941 3435 968 3483 It.
987 3441 1004 3486 t.
1024 3431 1060 3497 (9,
1080 3433 1102 3500 9)

138 3505 290 3567 rescrz'ptum
308 3503 373 3559 item,
391 3510 419 3551 ut
430 3503 462 3552 L.
477 3513 496 3553 3.
509 3504 541 3556 et.
559 3503 661 3554 Iuliano
679 3505 771 3561 datum,
791 3503 860 3568 quod
871 3517 936 3551 nunc
948 3501 1104 3553 Alexandro

173 3619 293 3656 ivutsPu.
307 3617 402 3653 enum.
417 3619 478 3656 REL.
504 3621 549 3655 BD.
562 3620 595 3653 11.
860 3591 900 3648 36
