2634 3974
413 189 487 242 1v'a11
506 207 608 244 ravam
627 206 705 242 sear.
725 194 762 242 tv.
782 195 822 244 ll.
898 197 900 208 ⁴
1049 193 1102 244 425

40 377 50 389 ·
136 349 259 423 legitima
274 350 366 407 matris
381 351 522 405 intestatae
537 349 672 405 hereditas
687 351 823 423 pertinere
838 366 893 405 non
911 356 1015 423 potest;
1038 351 1101 423 quia

136 449 227 508 neque
242 434 315 488 serui
330 450 418 506 neque
433 432 522 490 liberti
537 441 648 490 matrem
665 434 772 490 ciuilem
788 433 1100 508 habereinteliiguatur.

134 515 165 575 3.
189 517 230 572 ta
251 517 399 594 legitimam
419 509 670 574 intestatae'matris
690 518 865 574 hereditatem
884 516 934 574 iiiii
955 520 1028 574 ciues
1048 517 1102 573 Ro·

135 603 222 666 mani.
245 618 300 656 non
315 603 394 658 etiam
409 596 532 666 Latini‚⁴
552 603 744 666 admittentem
768 603 843 658 ciues
863 610 951 658 autem
967 601 1102 658 Romanos

136 702 169 742 eo
187 688 308 759 tempore
328 701 388 746 esse
409 695 532 760 oportet,
558 704 613 761 qua
629 688 676 743 ’iis
691 687 814 743 defertur
829 695 856 743 et
872 687 903 742 ah
915 681 1102 761 iis⁵4legitima

134 770 272 828 hereditas
288 769 369 827 ’adiri
383 766 504 845 potest,fl
520 772 647 846 'proinde
663 770 738 844 (aum
753 770 799 843 de)
815 765 920 828 morte⁷
936 773 1028 827 matris
1044 787 1101 828 ser·

135 856 221 911 tiores
237 853 285 911 filii
300 853 377 918 fiunt,
394 874 449 913 non
464 857 561 912 nuntio
576 865 695 931 accepto,
711 856 759 912 sed
774 856 939 930 perliquido
952 862 1101 930 comperto,

136 939 353 1016 quod'iatestata
368 935 545 997 decesserit.8
593 939 623 998 4.
636 936 749 996 -9Filius
765 948 910 1004 maternam
926 940 1102 998 hereditatem

135 1019 312 1098 eamdemque
327 1025 475 1100 legitimam
491 1027 542 1081 nisi
559 1025 683 1082 adeundo
700 1041 830 1098 quaerere
846 1042 901 1082 non
915 1032 1015 1099 potest.

426 1193 492 1234 TIT·
508 1193 551 1234 XI.
587 1193 629 1234 DE
645 1191 813 1237 GRADIBVS.

298 1255 344 1362 tt.
362 1294 390 1351 e.
410 1279 451 1351 'a
467 1297 502 1351 aa
516 1299 600 1369 praa.
620 1303 647 1351 a
663 1296 748 1368 affin.
766 1287 949 1374 (tapetia.

131 1418 341 1438 -b-——d--u—-r

137 1507 388 1575 (intermisisset)
412 1525 455 1574 pro
478 1512 569 1560 libertis
592 1512 743 1562 haberentur.
779 1511 922 1575 Repetitnm
943 1511 1021 1576 tpitar
1041 1512 1104 1560 iliud

137 1580 176 1628 ‘in
192 1581 325 1628 seruitute'
344 1580 369 1628 in
387 1593 465 1627 caasa
482 1580 582 1636 videtur
597 1579 691 1641 faisse,
710 1587 737 1628 at
759 1578 836 1628 verda
856 1581 915 1644 ‘qui
931 1581 987 1628 nati
1002 1581 1115 1629 essent’'

136 1647 165 1694 in
181 1647 310 1710 plerisque
325 1645 387 1694 Cdd.
407 1647 567 1695 eoeeiderent.
593 1646 707 1696 Ceteram
724 1649 773 1696 iam
791 1647 916 1698 consentit
931 1645 1033 1698 Tacitus
1049 1661 1103 1696 earn

42 1725 47 1732 ·
140 1711 198 1762 Gai.
219 1721 294 1774 1,,84.
314 1720 339 1762 et
362 1728 415 1762 eam
432 1713 586 1763 Hadrianus
608 1716 637 1764 id
658 1721 753 1764 tantam
776 1717 894 1774 mutarit,
918 1722 946 1764 at
969 1732 1000 1764 ne
1023 1713 1104 1764 libera

137 1781 248 1844 amplias
265 1796 361 1830 saraam
380 1796 414 1830 ea
431 1788 510 1844 parto
526 1796 623 1845 parere
638 1791 739 1846 posset,
759 1785 865 1832 atteram
882 1785 1014 1840 remansit,
1033 1789 1060 1831 at
1078 1789 1103 1830 et

7 1889 9 1896 .
136 1854 210 1898 are-et
227 1847 321 1899 liberos
338 1855 414 1911 poeto
434 1850 460 1896 in
477 1848 619 1898 tibertinam
637 1851 804 1899 conditionem
822 1851 887 1899 dore
905 1852 1004 1906 liceret,
1024 1864 1104 1912 eoque

7 1909 9 1932 ³
107 1959 109 1964 .
138 1923 227 1966 noster
244 1919 313 1966 loeas
329 1921 433 1978 spectat
455 1923 481 1966 et
498 1916 531 1968 L.
549 1925 569 1964 2.
590 1915 618 1979 8.
637 1926 657 1969 a.
676 1918 709 1968 J).
729 1917 754 1966 a.
775 1925 791 1966 t.
813 1915 861 1979 (38,
881 1914 926 1978 tt).
994 1913 1016 1976 4)
1035 1916 1104 1964 Puta

137 1997 174 2033 ea
189 1982 290 2032 ,Latina
307 1984 370 2042 nati,
392 1999 457 2046 qaae
475 1999 527 2032 cam
547 1990 600 2032 tres
614 1985 683 2044 filios
699 1985 851 2047 peperisset,
871 1985 931 2032 einis
942 1983 1012 2033 Rom.
1029 1982 1103 2045 farta

137 2051 187 2099 iam
210 2050 327 2101 decessit.
367 2049 406 2111 Cf.
424 2058 448 2106 t,
467 2059 486 2098 9.
512 2048 560 2113 88.
579 2059 600 2103 7.
619 2058 639 2102 8.
679 2050 786 2099 Matium
808 2052 885 2114 ipitur
907 2052 933 2099 in
956 2050 1004 2098 irae
1026 2065 1103 2098 causo

114 2145 120 2154 ·
138 2115 273 2175 intererat,
292 2133 327 2168 aaa
345 2119 399 2180 tepe
411 2117 487 2166 Aetio
500 2116 590 2166 Sentio
606 2121 646 2166 vei
662 2122 761 2167 erroris
778 2131 880 2168 cansam
895 2117 1017 2180 probari..
1045 2115 1103 2164 Gai.

137 2195 158 2244 1,
171 2193 196 2234 tta
207 2201 262 2250 seq.
331 2180 352 2249 Β)
371 2183 416 2233 lto
429 2183 521 2233 Kienz.
540 2200 575 2232 ea
587 2184 661 2242 odo..
680 2186 731 2232 nisi
747 2185 816 2248 qaod
831 2186 861 2233 iis
877 2199 928 2246 pro
946 2184 984 2233 his
1000 2185 1103 2246 scripsi.

138 2253 169 2302 ab
188 2253 274 2302 iisdem
292 2253 349 2302 edd.
420 2249 441 2311 6)
461 2252 538 2300 aditur
557 2249 621 2314 (pro
641 2251 730 2314 adirifi,
752 2258 779 2300 at
796 2249 871 2314 pato)
897 2249 960 2302 Cdd.
979 2251 1024 2300 Ki.
1043 2252 1103 2300 edo.

138 2317 161 2382 ⁷)
180 2321 278 2384 perinde
296 2326 373 2368 autem
391 2317 456 2368 Gdd.
469 2317 513 2367 Kt.
533 2319 574 2368 ed.
598 2319 675 2368 Haeo
693 2325 717 2367 et
735 2325 955 2383 praesequantur
972 2333 1050 2384 usqae
1068 2319 1105 2368 ad

133 2389 211 2450 finem
229 2385 258 2450 Si
276 2389 303 2436 in
325 2387 384 2437 edd.
407 2401 457 2436 non
480 2392 580 2434 estant.
601 2395 604 2400 ’
651 2384 671 2450 ⁶)
690 2385 735 2436 Ita
752 2383 842 2437 Ktenz.
862 2401 898 2435 em
915 2386 980 2440 Odd.
1001 2389 1104 2450 pantana

136 2456 270 2504 correctis.
288 2454 327 2502 De
345 2469 375 2502 re
393 2453 431 2514 ef..
446 2452 479 2504 L.
502 2461 533 2504 ta.
553 2451 580 2516 S.
595 2461 614 2501 t.
645 2453 678 2502 L.
695 2459 769 2504 linat
785 2469 827 2517 pr.
844 2454 879 2502 D.
899 2455 1004 2519 de'oeq.
1017 2471 1042 2507 a.
1054 2469 1103 2504 am.

135 2519 191 2570 iter.
213 2518 256 2582 (29,
274 2518 308 2584 2).
377 2517 398 2581 ⁹)
418 2517 458 2581 Cf.
476 2520 509 2568 L.
528 2528 548 2570 3.
569 2519 597 2573 C.
615 2523 651 2570 od
667 2520 718 2570 SC.
736 2519 834 2585 orpha.
856 2518 886 2584 (6,
904 2521 950 2586 57).

209 2599 233 2666 *)
254 2601 399 2662 Quaeritur,
418 2619 451 2652 an
469 2603 516 2654 itae
533 2607 588 2654 loeo
600 2607 760 2655 inserendam
771 2607 806 2656 sit
816 2613 918 2656 stemma
929 2608 1104 2672 repertionem

141 2670 174 2721 ab
193 2670 250 2734 ipso
268 2671 359 2720 Pontio
378 2671 434 2720 tinia
453 2672 524 2722 titulo
546 2673 678 2722 adiectam.
713 2674 754 2722 De
777 2690 825 2739 qao
844 2677 942 2740 quidem
960 2678 1039 2724 auitas
1056 2676 1104 2724 ad·

138 2739 188 2789 naa
206 2739 292 2808 editor
308 2753 340 2787 ne
358 2740 478 2804 rapitavit
494 2740 603 2804 qnidam,
623 2756 676 2789 enm
693 2743 774 2790 nutias
792 2743 817 2790 in
836 2744 1020 2792 sententiarum
1038 2741 1101 2793 Cdd.

137 2807 261 2857 eiusmodi
281 2813 387 2856 stemma
408 2809 546 2870 repererit.
587 2808 642 2857 Sed
661 2809 729 2861 ‘Lad
752 2809 904 2860 Charondas
925 2811 951 2858 in
974 2811 1034 2860 edit.
1056 2823 1105 2858 saa

136 2873 328 2926 Institutionum
352 2874 469 2935 (adiecta
491 2877 654 2940 Dipestoram
677 2878 752 2939 edit,
777 2893 842 2941 qnae
861 2877 961 2941 prodiit
978 2873 1102 2938 Antaefflp.

138 2939 200 3006 1575)
214 2943 243 3006 p,
263 2950 295 2993 35.
314 2943 465 3006 praefatam,
483 2945 592 3006 sormam
614 2945 738 3008 pradaam
754 2944 780 2992 in
799 2946 851 3006 fine
870 2943 932 2994 Cod.
951 2943 1107 3075 Dionffsiani

137 3009 328 3060 Institutionum
350 3011 474 3060 inventam
501 3010 681 3061 subiiciendam
705 3026 760 3060 esse
786 3026 814 3060 se
836 3013 995 3062 existimasse
1031 3027 1103 3078 qnam
1195 3025 1196 3028 ’

73 3097 82 3105 r·
135 3077 242 3138 formam
264 3077 317 3128 Ed.
337 3077 470 3129 Schrader
496 3081 532 3128 ad
552 3078 639 3128 Instit.
662 3095 689 3142 p.
708 3087 755 3127 tat.
780 3079 862 3130 atiena
889 3083 945 3130 ioco
973 3081 1103 3144 quaesisse

63 3203 66 3206 Α
135 3143 262 3206 videtur),
290 3146 376 3194 addit:
400 3147 529 3211 ‘illamque
556 3147 735 3204 adiiciendum,
760 3163 832 3211 qnam
858 3163 893 3196 ea
919 3147 983 3199 libro
1011 3153 1104 3212 quarto

136 3209 325 3260 Sententiarum
342 3212 405 3262 Iulii
415 3214 502 3264 Pontii
519 3215 590 3264 tituto
609 3216 641 3265 de
657 3213 780 3279 madidam
798 3216 879 3264 edidit
891 3213 1014 3266 Contine)
1045 3214 1101 3262 Ita*

136 3293 184 3343 que
201 3294 229 3341 p.
243 3285 276 3350 tt.
296 3281 362 3330 duae
380 3283 503 3332 eiusmodi
517 3283 618 3344 formae
634 3283 807 3340 subiicianiar,
820 3283 953 3331 interiecto
971 3281 1018 3332 doe
1031 3282 1106 3344 qnasi

136 3347 208 3396 tituto
229 3349 384 3398 ‘srreaarn
420 3349 466 3398 Ea
485 3349 548 3398 tiara
572 3357 664 3414 quarto
682 3351 864 3400 sententiarum
882 3349 944 3400 Iaiti
959 3349 1046 3398 Pontii
1063 3349 1108 3396 tiis

128 3413 169 3482 ¹de
185 3415 315 3478 proetidas,
334 3431 459 3480 nunqnam
476 3417 598 3468 kactenus
615 3419 641 3466 in
653 3419 730 3466 ierem
742 3418 833 3469 edita)
856 3415 995 3480 ¹Superiori
1004 3415 1104 3477 formae

134 3483 223 3532 notula
242 3484 352 3542 adiecta,
371 3483 491 3552 inferiori
508 3483 557 3534 ios
578 3485 623 3534 sab
642 3487 728 3535 tituto:
749 3498 874 3536 amramis
887 3496 988 3534 corariis
999 3495 1093 3534 aaaron
