2590 4286
344 164 447 200 aneon.
469 165 527 202 rvr.
546 163 613 204 aon.
632 164 725 202 verro.
745 152 888 200 ret-259.
1051 152 1100 201 693

194 304 259 366 257.
286 299 395 362 ⁷¹ltem,
418 304 555 360 Eiusmodi
570 305 632 379 lege
647 304 770 379 deposita
786 308 813 376 in
830 305 894 360 aede
910 321 976 368 arca,
991 315 1021 360 ut
1042 323 1100 360 earn

127 395 190 466 ipse
206 391 312 454 'solus,
337 384 403 463 qui2
416 390 555 463 deposuit,
573 389 697 455 tolleret,
715 399 765 446 aut
779 395 842 463 post
863 398 978 446 mortem
999 390 1100 445 domini

129 477 225 531 Aelius
243 475 380 549 Speratus,
398 491 452 530 non
469 474 553 532 uideri
568 473 715 547 perfectam
731 475 915 538 donatiouem,
931 475 1070 548 respondi.

195 557 262 617 268.
286 552 381 616 3item.
423 557 588 632 Pomponius
614 557 759 614 Filadelius
790 559 862 614 dotis
888 575 967 614 eausa
993 558 1100 632 praedia

128 643 202 716 tiliae
222 643 400 717 Pomponiae,
423 659 503 716 quam
520 641 613 698 habuit
633 643 662 698 iu
682 651 827 716 potestate,
845 643 966 706 tradidit,
988 651 1016 698 et
1031 659 1100 698 mer·

130 729 212 785 cedes
230 745 324 784 eorum
340 743 442 801 genero
459 727 529 785 solui
542 725 686 782 mandauit.
716 730 757 784 dn
774 745 804 784 ea
819 729 961 802 praecipua
985 727 1037 782 ilia
1058 745 1100 783 re·

129 814 219 868 tinere
234 814 331 886 possit,
349 827 409 866 oum
428 807 556 867 ’omnes4
572 809 642 866 tilios
658 812 773 868 heredes
788 813 964 876 instituisset,
987 829 1100 886 quaere·

52 904 55 909 ⁴
130 897 223 952 batur.
259 896 360 952 iustam
382 912 488 952 eausam
508 895 665 952 retinendae
686 898 868 970 possessionis
890 896 988 953 habere
1010 889 1099 958 tiliam,

130 982 259 1054 quoniam
280 989 359 1054 pater
378 973 499 1054 praedia,
523 977 578 1052 (de)
600 978 696 1052 quibus
718 980 910 1054 quaerebatur,
941 981 1012 1036 dotis
1040 997 1100 1037 esse

129 1065 229 1127 uoluit,
247 1073 275 1120 et
290 1066 489 1120 matrimonium
505 1071 568 1136 post
584 1071 698 1119 mortem
711 1081 821 1140 quoque
832 1066 915 1138 patris
932 1067 1100 1129 constiterat,

130 1151 271 1221 respondi
276 1174 285 1212 ,·
300 1149 382 1204 tiliam
398 1151 506 1210 etenim,
524 1165 592 1220 quae
608 1149 768 1204 naturaiiter
780 1165 860 1222 agros
874 1150 994 1212 retinuit,
1011 1143 1100 1222 specio

130 1234 213 1296 dotis,
229 1235 305 1289 ouius
321 1249 403 1307 capax
419 1233 483 1295 fuit,
501 1231 617 1288 delendi.

194 1313 264 1375 259.
286 1318 363 1374 ltem.
389 1317 486 1373 Mulier
507 1317 565 1372 sine
588 1318 686 1372 tutoris
710 1319 871 1372 auctoritate
892 1316 1032 1391 praedium
1053 1319 1100 1372 sti-

130 1401 298 1475 pendiarium
319 1405 483 1458 instructum
503 1419 558 1456 non
580 1403 675 1456 mortis
707 1418 787 1457 eausa
816 1400 910 1457 Latino
941 1400 1098 1457 donauerat.

130 1485 279 1558 perlectam
300 1488 328 1542 in
349 1487 460 1560 praedio
486 1486 640 1559 ueterisque
665 1485 745 1541 rebus
773 1502 823 1541 nee
844 1480 992 1560 ’mancipii
1017 1486 1101 1541 dona·

133 1571 237 1626 tionem
260 1587 320 1626 esse
341 1563 497 1644 apparuit;⁶
519 1585 613 1626 seruos
634 1577 722 1624 autern
749 1579 776 1626 et
797 1586 911 1644 peoora,
940 1569 1099 1643 quaesatio

131 1654 176 1709 uel
192 1654 273 1710 dorso
290 1655 478 1719 domarentur,
501 1671 552 1710 usu
573 1671 628 1710 non
649 1647 755 1728 oapta.⁷
776 1657 799 1709 si
819 1663 908 1712 tamen
933 1655 1101 1710 uoluntatem

133 1739 228 1794 mulier
243 1756 298 1796 non
314 1748 459 1804 mutasset,
476 1739 571 1796 Latino
589 1755 698 1813 quoque
721 1739 776 1794 doli
792 1740 963 1812 profuturam
978 1738 1096 1812 duplica·

133 1817 253 1878 tionem8
270 1825 411 1896 respondi:
434 1826 576 1880 nonenim
591 1825 685 1879 mortis
708 1840 786 1879 eausa
807 1822 924 1897 capitur,
947 1821 1020 1895 quod
1037 1822 1100 1878 ’ali-

132 1901 192 1960 ter9
208 1907 335 1962 donatum
352 1919 401 1972 est,
419 1902 576 1982 'quando8⁰
593 1916 681 1964 morte
697 1907 785 1964 Cineia
800 1899 988 1963 remouetur.¹
1028 1921 1030 1926 ·

132 2087 165 2149 71)
184 2087 234 2136 Est
251 2087 284 2138 L.
298 2095 331 2136 31.
351 2085 376 2150 3.
390 2096 410 2138 3.
430 2089 465 2136 D.
483 2089 516 2138 de
533 2088 592 2136 don.
612 2087 655 2150 (39,
674 2085 709 2150 5),
726 2089 817 2150 paucis
834 2089 943 2136 mutatis.
1012 2085 1034 2150 2)
1053 2085 1099 2135 Eo:

132 2156 191 2218 Dip.
222 2158 261 2216 qui
275 2157 338 2204 sotus
355 2157 414 2206 Vat.
428 2156 486 2205 edd.
556 2152 577 2215 ³)
597 2155 628 2202 L.
643 2163 676 2204 35.
695 2155 729 2202 Ι).
747 2154 809 2216 fana.
830 2169 881 2203 erc.
902 2154 945 2214 (10,
959 2151 990 2216 3),
1007 2156 1099 2217 peruris

132 2222 297 2274 variantibus,
358 2219 379 2285 ⁴)
398 2223 457 2286 Dip,
487 2235 623 2270 communes
640 2220 701 2272 Vat.
763 2218 785 2278 5)
805 2223 921 2284 mancipii
930 2223 989 2270 edd.
1002 2222 1094 2270 Holtw.

133 2291 223 2340 Morus.
293 2288 314 2352 θ)
336 2289 374 2352 Cf.
394 2287 420 2351 3.
440 2298 486 2341 293.
513 2289 568 2338 Gai.
588 2297 607 2346 a,
626 2295 660 2340 80.
729 2287 750 2351 7)
769 2289 835 2346 Non,
856 2290 924 2352 quod
939 2292 1028 2337 mulier
1044 2289 1098 2336 sine

135 2366 217 2407 tutore
235 2365 341 2406 anctore
361 2355 415 2422 (qui
426 2362 490 2405 ‘tunc
508 2362 616 2420 apnatus
635 2356 756 2419 lepitirnus
773 2357 822 2404 iona
839 2372 890 2405 non
907 2355 975 2419 erat)
989 2357 1098 2405 donaue-

133 2433 176 2473 rat
195 2425 262 2486 (Gai.
282 2433 305 2480 a,
325 2433 358 2472 tt.
381 2427 546 2473 eoll'nostra
570 2422 597 2486 3,
616 2421 677 2486 264),
702 2423 749 2471 sed
771 2425 838 2487 quod
855 2424 964 2473 Latinus
987 2439 1022 2472 eae
1044 2425 1098 2486 lepe

134 2507 169 2542 ru
187 2494 320 2541 ‘aduersus
338 2492 432 2541 laostem
450 2498 558 2540 aeterna
582 2492 723 2540 auctoritas
740 2494 805 2540 esto'
824 2505 964 2554 nsrrcapere
982 2507 1032 2542 non
1048 2505 1098 2554 po-

135 2566 208 2608 terat.
278 2557 299 2620 ⁸)
320 2558 416 2608 Contra
433 2561 497 2622 lepis
517 2557 617 2608 Cinciae
635 2558 835 2621 replicationem,
855 2574 904 2627 quo
921 2559 1030 2608 heredes
1047 2559 1098 2606 oin·

134 2627 247 2685 dicantes
265 2629 441 2689 receptionem
458 2627 498 2675 rei
516 2628 626 2677 donatae
645 2632 670 2675 et
688 2627 800 2675 traditae
819 2629 945 2688 repellere
964 2633 1097 2676 conantur.

133 2694 154 2754 9)
174 2695 248 2744 altero
268 2693 327 2744 Vat.
358 2695 425 2742 alteri
444 2693 591 2746 edHollw.
621 2695 690 2742 aliter
707 2694 781 2742 etiam
798 2693 942 2743 edMonrs.
1014 2691 1046 2755 80)
1065 2689 1099 2754 q'u

138 2761 164 2809 V
163 2798 178 2818 .,
198 2761 316 2826 quoditie
328 2769 367 2810 est
379 2761 471 2822 quando
490 2757 529 2822 (ut
547 2759 574 2822 3.
588 2769 635 2810 ato.
648 2758 701 2822 [3]).
729 2761 840 2824 quoniam
853 2761 911 2808 edd.
939 2757 1033 2808 Sensus
1046 2767 1098 2807 est:

135 2831 207 2878 etiam
220 2829 322 2884 Latino,
342 2831 384 2894 qui
401 2830 500 2878 directo
518 2829 573 2877 iure
591 2843 627 2876 ea
644 2831 698 2890 tepe
712 2826 788 2875 Iunia
805 2829 894 2875 mortis
911 2841 992 2875 causa
1004 2840 1099 2888 capere

135 2913 182 2946 non
199 2903 284 2960 potest
304 2895 371 2958 (Gai.
392 2905 412 2954 1,
431 2892 481 2960 at),
500 2895 563 2944 daec
581 2896 720 2959 duplicatio
739 2909 774 2943 erc
792 2894 927 2943 uoluntatis
944 2895 980 2943 ad
996 2899 1099 2943 mortem

132 2965 327 3026 perseuerantia
342 2965 466 3028 prodest;
490 2979 569 3028 neque
593 2963 657 3012 enim
675 2978 705 3012 ea
724 2963 845 3025 opposita
863 2961 965 3010 Cinciae
988 2963 1098 3025 replica-

136 3032 197 3079 tioni
214 3033 332 3093 efficitur,
351 3038 378 3081 ut
389 3033 478 3081 mortis
490 3045 569 3080 caasa
580 3031 697 3079 uideatur
709 3033 834 3088 donatum,
854 3031 922 3095 quod
934 3030 1009 3080 aliter
1023 3031 1099 3090 (inter

134 3097 210 3161 uiuos)
230 3100 348 3148 donatum
366 3106 412 3148 cst.
490 3097 509 3161 ¹)
529 3097 650 3163 Sequitur
667 3099 693 3146 in
715 3098 740 3147 V
743 3095 764 3149 d.
785 3099 889 3148 duorum
907 3113 1021 3146 uersnum
1038 3112 1098 3159 spa·

135 3167 204 3221 tium,
224 3167 292 3230 quod
309 3167 454 3216 Mourenas
476 3167 535 3216 olim
552 3165 680 3214 rubricam
699 3167 741 3214 ‘de
765 3165 943 3216 donationibus
966 3166 1002 3213 ad
1022 3165 1100 3226 Iepem

135 3231 255 3280 Cinciam’
276 3236 438 3296 occupavisse
456 3239 527 3283 recte
543 3233 695 3296 srrspicatur,
716 3247 780 3299 quae
799 3235 919 3296 deinceps
937 3231 1035 3282 summis
1051 3247 1099 3294 pa·

133 3303 245 3364 pinorum
264 3301 317 3350 oria
334 3301 491 3354 inscribitur.
528 3299 611 3361 Quare
631 3317 684 3351 eom
702 3301 726 3350 h.
746 3305 761 3354 t.
781 3302 889 3350 restitui.
