<?xml version="1.0" encoding="UTF-8"?>
<!DOCTYPE html PUBLIC "-//W3C//DTD XHTML 1.0 Transitional//EN"
    "http://www.w3.org/TR/xhtml1/DTD/xhtml1-transitional.dtd">
<html xmlns="http://www.w3.org/1999/xhtml" xml:lang="en" lang="en">
 <head>
  <title>
</title>
<meta http-equiv="Content-Type" content="text/html;charset=utf-8" />
  <meta name='ocr-system' content='tesseract 3.04.00' />
  <meta name='ocr-capabilities' content='ocr_page ocr_carea ocr_par ocr_line ocrx_word'/>
</head>
<body>
  <div class='ocr_page' id='page_1' title='image "./ivrisprvdentiae01huscgoog_0763.png"; bbox 0 0 2590 4286; ppageno 0'>
   <div class='ocr_carea' id='block_1_1' title="bbox 230 71 1103 154">
    <p class='ocr_par' dir='ltr' id='par_1_1' title="bbox 230 71 1103 154">
     <span class='ocr_line' id='line_1_1' title="bbox 230 71 1103 154; baseline 0 -5"><span class='ocrx_word' id='word_1_1' title='bbox 230 114 293 151; x_wconf 80' lang='lat' dir='ltr'>vnn.</span> <span class='ocrx_word' id='word_1_2' title='bbox 313 113 424 150; x_wconf 83' lang='lat' dir='ltr'>cvrvsn.</span> <span class='ocrx_word' id='word_1_3' title='bbox 444 113 537 149; x_wconf 77' lang='lat' dir='ltr'>innuo.</span> <span class='ocrx_word' id='word_1_4' title='bbox 557 113 759 150; x_wconf 78' lang='lat' dir='ltr'>consvnrnrro.</span> <span class='ocrx_word' id='word_1_5' title='bbox 779 100 838 154; x_wconf 81' lang='lat' dir='ltr'>Vlll.</span> <span class='ocrx_word' id='word_1_6' title='bbox 858 100 958 150; x_wconf 79' lang='lat' dir='ltr'>8-lli.</span> <span class='ocrx_word' id='word_1_7' title='bbox 979 71 1008 148; x_wconf 65' lang='grc' dir='ltr'>3.ν</span> <span class='ocrx_word' id='word_1_8' title='bbox 1052 101 1103 150; x_wconf 72' lang='lat'>743</span> 
     </span>
    </p>
   </div>
   <div class='ocr_carea' id='block_1_2' title="bbox 10 254 1129 2524">
    <p class='ocr_par' dir='ltr' id='par_1_2' title="bbox 10 254 1129 2524">
     <span class='ocr_line' id='line_1_2' title="bbox 175 254 1099 329; baseline 0 -18"><span class='ocrx_word' id='word_1_9' title='bbox 175 256 261 329; x_wconf 91' lang='lat' dir='ltr'>lmpp.</span> <span class='ocrx_word' id='word_1_10' title='bbox 279 254 472 310; x_wconf 75' lang='lat' dir='ltr'>Constantinus</span> <span class='ocrx_word' id='word_1_11' title='bbox 489 256 519 309; x_wconf 83' lang='lat' dir='ltr'>A.</span> <span class='ocrx_word' id='word_1_12' title='bbox 537 263 563 310; x_wconf 91' lang='lat' dir='ltr'>et</span> <span class='ocrx_word' id='word_1_13' title='bbox 578 255 697 310; x_wconf 86' lang='lat' dir='ltr'>lulianus</span> <span class='ocrx_word' id='word_1_14' title='bbox 719 254 793 312; x_wconf 79' lang='lat' dir='ltr'>Caes.</span> <span class='ocrx_word' id='word_1_15' title='bbox 818 255 851 310; x_wconf 89' lang='lat' dir='ltr'>ad</span> <span class='ocrx_word' id='word_1_16' title='bbox 871 255 989 312; x_wconf 88' lang='lat' dir='ltr'>Taurum</span> <span class='ocrx_word' id='word_1_17' title='bbox 1006 255 1047 310; x_wconf 88' lang='lat' dir='ltr'>Pi.</span> <span class='ocrx_word' id='word_1_18' title='bbox 1070 255 1099 311; x_wconf 93' lang='lat' dir='ltr'>P.</span> 
     </span>
     <span class='ocr_line' id='line_1_3' title="bbox 176 339 1102 412; baseline 0 -18"><span class='ocrx_word' id='word_1_19' title='bbox 176 341 222 395; x_wconf 81' lang='lat' dir='ltr'>nd</span> <span class='ocrx_word' id='word_1_20' title='bbox 239 340 374 396; x_wconf 83' lang='lat' dir='ltr'>locum:</span> <span class='ocrx_word' id='word_1_21' title='bbox 401 339 587 395; x_wconf 90' lang='lat' dir='ltr'>llultabuntur</span> <span class='ocrx_word' id='word_1_22' title='bbox 612 340 729 402; x_wconf 87' lang='lat' dir='ltr'>indices,</span> <span class='ocrx_word' id='word_1_23' title='bbox 758 341 804 412; x_wconf 91' lang='lat' dir='ltr'>qul</span> <span class='ocrx_word' id='word_1_24' title='bbox 828 341 959 412; x_wconf 87' lang='lat' dir='ltr'>rescripta</span> <span class='ocrx_word' id='word_1_25' title='bbox 980 348 1102 396; x_wconf 84' lang='lat' dir='ltr'>oontem-</span> 
     </span>
     <span class='ocr_line' id='line_1_4' title="bbox 176 423 1099 498; baseline 0 -20"><span class='ocrx_word' id='word_1_26' title='bbox 176 425 280 498; x_wconf 88' lang='lat' dir='ltr'>pserint</span> <span class='ocrx_word' id='word_1_27' title='bbox 291 431 338 480; x_wconf 88' lang='lat' dir='ltr'>aut</span> <span class='ocrx_word' id='word_1_28' title='bbox 351 424 516 480; x_wconf 74' lang='lat' dir='ltr'>distulerint.</span> <span class='ocrx_word' id='word_1_29' title='bbox 533 425 589 480; x_wconf 89' lang='lat' dir='ltr'>ilat.</span> <span class='ocrx_word' id='word_1_30' title='bbox 606 424 649 481; x_wconf 92' lang='lat' dir='ltr'>Ill.</span> <span class='ocrx_word' id='word_1_31' title='bbox 666 441 731 480; x_wconf 88' lang='lat' dir='ltr'>non.</span> <span class='ocrx_word' id='word_1_32' title='bbox 745 423 794 479; x_wconf 92' lang='lat' dir='ltr'>lul.</span> <span class='ocrx_word' id='word_1_33' title='bbox 812 423 989 480; x_wconf 84' lang='lat' dir='ltr'>Constantino</span> <span class='ocrx_word' id='word_1_34' title='bbox 1006 425 1036 479; x_wconf 85' lang='lat' dir='ltr'>A.</span> <span class='ocrx_word' id='word_1_35' title='bbox 1045 423 1099 478; x_wconf 94' lang='lat' dir='ltr'>Vll.</span> 
     </span>
     <span class='ocr_line' id='line_1_5' title="bbox 177 509 996 569; baseline -0.002 -5"><span class='ocrx_word' id='word_1_36' title='bbox 177 517 204 564; x_wconf 89' lang='lat' dir='ltr'>et</span> <span class='ocrx_word' id='word_1_37' title='bbox 219 509 320 564; x_wconf 86' lang='lat' dir='ltr'>loliano</span> <span class='ocrx_word' id='word_1_38' title='bbox 336 525 406 565; x_wconf 90' lang='lat' dir='ltr'>coss.</span> <span class='ocrx_word' id='word_1_39' title='bbox 599 557 602 562; x_wconf 90' lang='lat'>.</span> <span class='ocrx_word' id='word_1_40' title='bbox 993 563 996 569; x_wconf 72' lang='grc'><strong>,</strong></span> 
     </span>
     <span class='ocr_line' id='line_1_6' title="bbox 219 592 1129 667; baseline -0.002 -17"><span class='ocrx_word' id='word_1_41' title='bbox 219 592 248 650; x_wconf 85' lang='grc'>8.</span> <span class='ocrx_word' id='word_1_42' title='bbox 271 593 408 666; x_wconf 81' lang='lat' dir='ltr'>lntelligat</span> <span class='ocrx_word' id='word_1_43' title='bbox 422 610 495 650; x_wconf 89' lang='lat' dir='ltr'>nuuc</span> <span class='ocrx_word' id='word_1_44' title='bbox 519 593 657 667; x_wconf 85' lang='lat' dir='ltr'>improbus</span> <span class='ocrx_word' id='word_1_45' title='bbox 673 601 829 657; x_wconf 81' lang='lat' dir='ltr'>accusator,</span> <span class='ocrx_word' id='word_1_46' title='bbox 851 595 969 649; x_wconf 87' lang='lat' dir='ltr'>cinctum</span> <span class='ocrx_word' id='word_1_47' title='bbox 983 593 1100 648; x_wconf 88' lang='lat' dir='ltr'>iudicem</span> <span class='ocrx_word' id='word_1_48' title='bbox 1127 610 1129 614; x_wconf 90' lang='lat'>·</span> 
     </span>
     <span class='ocr_line' id='line_1_7' title="bbox 10 672 1101 753; baseline -0.002 -19"><span class='ocrx_word' id='word_1_49' title='bbox 10 742 14 753; x_wconf 37' lang='grc' dir='ltr'>Ι</span> <span class='ocrx_word' id='word_1_50' title='bbox 129 687 161 734; x_wconf 84' lang='lat' dir='ltr'>et</span> <span class='ocrx_word' id='word_1_51' title='bbox 176 678 278 739; x_wconf 77' lang='lat' dir='ltr'>uxoria,</span> <span class='ocrx_word' id='word_1_52' title='bbox 295 679 372 733; x_wconf 92' lang='lat' dir='ltr'>uelut</span> <span class='ocrx_word' id='word_1_53' title='bbox 387 672 506 742; x_wconf 71' lang='lat' dir='ltr'>citerna,</span> <span class='ocrx_word' id='word_1_54' title='bbox 524 677 649 734; x_wconf 75' lang='lat' dir='ltr'>debuisse</span> <span class='ocrx_word' id='word_1_55' title='bbox 670 679 780 752; x_wconf 80' lang='lat' dir='ltr'>negotia</span> <span class='ocrx_word' id='word_1_56' title='bbox 796 676 923 738; x_wconf 88' lang='lat' dir='ltr'>definire,</span> <span class='ocrx_word' id='word_1_57' title='bbox 944 687 972 735; x_wconf 87' lang='lat' dir='ltr'>ot</span> <span class='ocrx_word' id='word_1_58' title='bbox 993 693 1049 734; x_wconf 90' lang='lat' dir='ltr'>nou</span> <span class='ocrx_word' id='word_1_59' title='bbox 1069 677 1101 733; x_wconf 91' lang='lat' dir='ltr'>li-</span> 
     </span>
     <span class='ocr_line' id='line_1_8' title="bbox 58 762 1101 824; baseline 0 -6"><span class='ocrx_word' id='word_1_60' title='bbox 58 783 69 808; x_wconf 70' lang='lat'><em>:</em></span> <span class='ocrx_word' id='word_1_61' title='bbox 129 764 229 824; x_wconf 79' lang='lat' dir='ltr'>unisse,</span> <span class='ocrx_word' id='word_1_62' title='bbox 246 768 276 816; x_wconf 94' lang='lat' dir='ltr'>ut</span> <span class='ocrx_word' id='word_1_63' title='bbox 291 762 407 818; x_wconf 88' lang='lat' dir='ltr'>alienum</span> <span class='ocrx_word' id='word_1_64' title='bbox 422 771 526 818; x_wconf 88' lang='lat' dir='ltr'>reatum</span> <span class='ocrx_word' id='word_1_65' title='bbox 543 771 684 824; x_wconf 83' lang='lat' dir='ltr'>metueret,</span> <span class='ocrx_word' id='word_1_66' title='bbox 700 765 743 818; x_wconf 88' lang='lat' dir='ltr'>cui</span> <span class='ocrx_word' id='word_1_67' title='bbox 761 762 794 818; x_wconf 91' lang='lat' dir='ltr'>de</span> <span class='ocrx_word' id='word_1_68' title='bbox 811 762 958 818; x_wconf 80' lang='lat' dir='ltr'>manifestis</span> <span class='ocrx_word' id='word_1_69' title='bbox 974 764 1027 818; x_wconf 85' lang='lat' dir='ltr'>reis</span> <span class='ocrx_word' id='word_1_70' title='bbox 1044 779 1101 818; x_wconf 89' lang='lat' dir='ltr'>non</span> 
     </span>
     <span class='ocr_line' id='line_1_9' title="bbox 133 847 518 903; baseline 0 -1"><span class='ocrx_word' id='word_1_71' title='bbox 133 848 212 903; x_wconf 91' lang='lat' dir='ltr'>licuit</span> <span class='ocrx_word' id='word_1_72' title='bbox 227 847 333 902; x_wconf 88' lang='lat' dir='ltr'>tardare</span> <span class='ocrx_word' id='word_1_73' title='bbox 348 848 518 902; x_wconf 88' lang='lat' dir='ltr'>sententiam.</span> 
     </span>
     <span class='ocr_line' id='line_1_10' title="bbox 216 923 806 1005; baseline -0.002 -20"><span class='ocrx_word' id='word_1_74' title='bbox 216 930 260 986; x_wconf 84' lang='lat' dir='ltr'>lli.</span> <span class='ocrx_word' id='word_1_75' title='bbox 285 929 308 987; x_wconf 93' lang='lat'>1.</span> <span class='ocrx_word' id='word_1_76' title='bbox 332 923 417 986; x_wconf 80' lang='lat' dir='ltr'><strong>¹⁷⁰Ex</strong></span> <span class='ocrx_word' id='word_1_77' title='bbox 433 947 548 1004; x_wconf 81' lang='lat' dir='ltr'>corpore</span> <span class='ocrx_word' id='word_1_78' title='bbox 564 925 806 1005; x_wconf 73' lang='lat' dir='ltr'>Hermogeniani:l</span> 
     </span>
     <span class='ocr_line' id='line_1_11' title="bbox 130 1015 1096 1088; baseline 0.002 -18"><span class='ocrx_word' id='word_1_79' title='bbox 130 1056 132 1060; x_wconf 71' lang='lat'>‚</span> <span class='ocrx_word' id='word_1_80' title='bbox 174 1015 259 1088; x_wconf 91' lang='lat' dir='ltr'>lmpp.</span> <span class='ocrx_word' id='word_1_81' title='bbox 277 1015 374 1070; x_wconf 91' lang='lat' dir='ltr'>Valens</span> <span class='ocrx_word' id='word_1_82' title='bbox 390 1023 418 1070; x_wconf 89' lang='lat' dir='ltr'>et</span> <span class='ocrx_word' id='word_1_83' title='bbox 433 1015 633 1070; x_wconf 78' lang='lat' dir='ltr'>Valentinianus</span> <span class='ocrx_word' id='word_1_84' title='bbox 649 1017 703 1070; x_wconf 84' lang='lat' dir='ltr'>AA.</span> <span class='ocrx_word' id='word_1_85' title='bbox 721 1015 753 1070; x_wconf 87' lang='lat' dir='ltr'>ad</span> <span class='ocrx_word' id='word_1_86' title='bbox 774 1015 948 1072; x_wconf 86' lang='lat' dir='ltr'>Volusianum</span> <span class='ocrx_word' id='word_1_87' title='bbox 967 1016 1096 1088; x_wconf 80' lang='lat' dir='ltr'>praelect.</span> 
     </span>
     <span class='ocr_line' id='line_1_12' title="bbox 175 1099 1101 1173; baseline 0.002 -19"><span class='ocrx_word' id='word_1_88' title='bbox 175 1099 257 1155; x_wconf 88' lang='lat' dir='ltr'>urbis.</span> <span class='ocrx_word' id='word_1_89' title='bbox 290 1101 356 1155; x_wconf 83' lang='lat' dir='ltr'>Post</span> <span class='ocrx_word' id='word_1_90' title='bbox 370 1101 532 1156; x_wconf 83' lang='lat' dir='ltr'>sententiam</span> <span class='ocrx_word' id='word_1_91' title='bbox 544 1101 642 1172; x_wconf 88' lang='lat' dir='ltr'>pacisci</span> <span class='ocrx_word' id='word_1_92' title='bbox 657 1107 712 1155; x_wconf 80' lang='lat' dir='ltr'>noir</span> <span class='ocrx_word' id='word_1_93' title='bbox 729 1099 819 1161; x_wconf 88' lang='lat' dir='ltr'>licere,</span> <span class='ocrx_word' id='word_1_94' title='bbox 835 1101 901 1156; x_wconf 88' lang='lat' dir='ltr'>iuris</span> <span class='ocrx_word' id='word_1_95' title='bbox 916 1100 1010 1155; x_wconf 87' lang='lat' dir='ltr'>ordine</span> <span class='ocrx_word' id='word_1_96' title='bbox 1022 1118 1101 1173; x_wconf 87' lang='lat' dir='ltr'>prae·</span> 
     </span>
     <span class='ocr_line' id='line_1_13' title="bbox 173 1177 1099 1257; baseline 0 -17"><span class='ocrx_word' id='word_1_97' title='bbox 173 1195 295 1241; x_wconf 84' lang='lat' dir='ltr'>canetur.</span> <span class='ocrx_word' id='word_1_98' title='bbox 329 1183 404 1240; x_wconf 88' lang='lat' dir='ltr'>Unde</span> <span class='ocrx_word' id='word_1_99' title='bbox 425 1201 486 1240; x_wconf 90' lang='lat' dir='ltr'>cum</span> <span class='ocrx_word' id='word_1_100' title='bbox 505 1185 674 1256; x_wconf 79' lang='lat' dir='ltr'>supplicans,</span> <span class='ocrx_word' id='word_1_101' title='bbox 691 1186 782 1256; x_wconf 86' lang='lat' dir='ltr'>inique</span> <span class='ocrx_word' id='word_1_102' title='bbox 797 1201 828 1240; x_wconf 86' lang='lat' dir='ltr'>se</span> <span class='ocrx_word' id='word_1_103' title='bbox 845 1177 1050 1257; x_wconf 78' lang='lat' dir='ltr'>’oppressnm,&#39;²</span> <span class='ocrx_word' id='word_1_104' title='bbox 1072 1194 1099 1241; x_wconf 92' lang='lat' dir='ltr'>et</span> 
     </span>
     <span class='ocr_line' id='line_1_14' title="bbox 173 1260 1099 1342; baseline 0 -18"><span class='ocrx_word' id='word_1_105' title='bbox 173 1277 237 1341; x_wconf 92' lang='lat' dir='ltr'>post</span> <span class='ocrx_word' id='word_1_106' title='bbox 252 1271 415 1326; x_wconf 88' lang='lat' dir='ltr'>sententiam</span> <span class='ocrx_word' id='word_1_107' title='bbox 430 1260 498 1324; x_wconf 80' lang='lat' dir='ltr'>sacri</span> <span class='ocrx_word' id='word_1_108' title='bbox 514 1269 640 1324; x_wconf 88' lang='lat' dir='ltr'>auditorii</span> <span class='ocrx_word' id='word_1_109' title='bbox 654 1269 797 1342; x_wconf 87' lang='lat' dir='ltr'>depactum</span> <span class='ocrx_word' id='word_1_110' title='bbox 814 1284 874 1324; x_wconf 89' lang='lat' dir='ltr'>esse</span> <span class='ocrx_word' id='word_1_111' title='bbox 895 1277 1099 1331; x_wconf 83' lang='lat' dir='ltr'>commemoret,</span> 
     </span>
     <span class='ocr_line' id='line_1_15' title="bbox 174 1353 1098 1426; baseline 0 -18"><span class='ocrx_word' id='word_1_112' title='bbox 174 1353 318 1411; x_wconf 83' lang='lat' dir='ltr'>Volusiano</span> <span class='ocrx_word' id='word_1_113' title='bbox 339 1369 437 1426; x_wconf 82' lang='lat' dir='ltr'>pareus</span> <span class='ocrx_word' id='word_1_114' title='bbox 464 1353 600 1410; x_wconf 84' lang='lat' dir='ltr'>carissime</span> <span class='ocrx_word' id='word_1_115' title='bbox 621 1362 648 1409; x_wconf 89' lang='lat' dir='ltr'>et</span> <span class='ocrx_word' id='word_1_116' title='bbox 674 1353 866 1416; x_wconf 85' lang='lat' dir='ltr'>amantissime,</span> <span class='ocrx_word' id='word_1_117' title='bbox 889 1361 976 1408; x_wconf 87' lang='lat' dir='ltr'>amota</span> <span class='ocrx_word' id='word_1_118' title='bbox 1002 1371 1098 1426; x_wconf 87' lang='lat' dir='ltr'>poena,</span> 
     </span>
     <span class='ocr_line' id='line_1_16' title="bbox 173 1437 1098 1512; baseline 0.002 -20"><span class='ocrx_word' id='word_1_119' title='bbox 173 1455 253 1510; x_wconf 89' lang='lat' dir='ltr'>quam</span> <span class='ocrx_word' id='word_1_120' title='bbox 268 1446 348 1512; x_wconf 85' lang='lat' dir='ltr'>pacto</span> <span class='ocrx_word' id='word_1_121' title='bbox 362 1445 457 1494; x_wconf 88' lang='lat' dir='ltr'>contra</span> <span class='ocrx_word' id='word_1_122' title='bbox 471 1439 512 1492; x_wconf 90' lang='lat' dir='ltr'>ins</span> <span class='ocrx_word' id='word_1_123' title='bbox 529 1437 600 1494; x_wconf 85' lang='lat' dir='ltr'>sacto</span> <span class='ocrx_word' id='word_1_124' title='bbox 616 1439 748 1494; x_wconf 83' lang='lat' dir='ltr'>serenitas</span> <span class='ocrx_word' id='word_1_125' title='bbox 765 1445 810 1492; x_wconf 89' lang='lat' dir='ltr'>tna</span> <span class='ocrx_word' id='word_1_126' title='bbox 822 1439 911 1494; x_wconf 89' lang='lat' dir='ltr'>inesse</span> <span class='ocrx_word' id='word_1_127' title='bbox 924 1439 1098 1511; x_wconf 86' lang='lat' dir='ltr'>praeuiderit,</span> 
     </span>
     <span class='ocr_line' id='line_1_17' title="bbox 174 1522 1099 1596; baseline 0 -18"><span class='ocrx_word' id='word_1_128' title='bbox 174 1523 266 1596; x_wconf 79' lang='lat' dir='ltr'>legum</span> <span class='ocrx_word' id='word_1_129' title='bbox 287 1522 387 1578; x_wconf 78' lang='lat' dir='ltr'>auxilio</span> <span class='ocrx_word' id='word_1_130' title='bbox 407 1523 533 1578; x_wconf 85' lang='lat' dir='ltr'>consulat</span> <span class='ocrx_word' id='word_1_131' title='bbox 554 1522 726 1596; x_wconf 87' lang='lat' dir='ltr'>supplicanti.</span> <span class='ocrx_word' id='word_1_132' title='bbox 757 1522 816 1578; x_wconf 85' lang='lat' dir='ltr'>llat.</span> <span class='ocrx_word' id='word_1_133' title='bbox 832 1523 874 1584; x_wconf 85' lang='lat' dir='ltr'>lV.</span> <span class='ocrx_word' id='word_1_134' title='bbox 890 1522 918 1578; x_wconf 92' lang='lat' dir='ltr'>id</span> <span class='ocrx_word' id='word_1_135' title='bbox 948 1525 1018 1596; x_wconf 82' lang='lat' dir='ltr'>Aug.</span> <span class='ocrx_word' id='word_1_136' title='bbox 1045 1523 1099 1578; x_wconf 84' lang='lat' dir='ltr'>ble-</span> 
     </span>
     <span class='ocr_line' id='line_1_18' title="bbox 175 1601 299 1662; baseline 0 0"><span class='ocrx_word' id='word_1_137' title='bbox 175 1601 299 1662; x_wconf 78' lang='lat' dir='ltr'>diolani.³</span> 
     </span>
     <span class='ocr_line' id='line_1_19' title="bbox 216 1687 1099 1765; baseline -0.002 -17"><span class='ocrx_word' id='word_1_138' title='bbox 216 1687 244 1748; x_wconf 81' lang='lat'>2.</span> <span class='ocrx_word' id='word_1_139' title='bbox 268 1691 351 1747; x_wconf 87' lang='lat' dir='ltr'>Iidem</span> <span class='ocrx_word' id='word_1_140' title='bbox 364 1692 417 1748; x_wconf 87' lang='grc' dir='ltr'>ΑΑ.</span> <span class='ocrx_word' id='word_1_141' title='bbox 433 1692 563 1765; x_wconf 90' lang='lat' dir='ltr'>Pompeio</span> <span class='ocrx_word' id='word_1_142' title='bbox 578 1690 708 1747; x_wconf 83' lang='lat' dir='ltr'>Fauonio.</span> <span class='ocrx_word' id='word_1_143' title='bbox 740 1691 937 1753; x_wconf 83' lang='lat' dir='ltr'>Hereditatem,</span> <span class='ocrx_word' id='word_1_144' title='bbox 955 1709 1034 1765; x_wconf 91' lang='lat' dir='ltr'>quam</span> <span class='ocrx_word' id='word_1_145' title='bbox 1051 1691 1099 1747; x_wconf 92' lang='lat' dir='ltr'>tibi</span> 
     </span>
     <span class='ocr_line' id='line_1_20' title="bbox 172 1775 1099 1850; baseline 0.002 -21"><span class='ocrx_word' id='word_1_146' title='bbox 172 1785 328 1848; x_wconf 80' lang='lat' dir='ltr'>competere</span> <span class='ocrx_word' id='word_1_147' title='bbox 343 1779 402 1832; x_wconf 91' lang='lat' dir='ltr'>iure</span> <span class='ocrx_word' id='word_1_148' title='bbox 418 1775 575 1839; x_wconf 84' lang='lat' dir='ltr'>confirmas,</span> <span class='ocrx_word' id='word_1_149' title='bbox 597 1777 702 1850; x_wconf 77' lang='lat' dir='ltr'>negotii</span> <span class='ocrx_word' id='word_1_150' title='bbox 728 1777 825 1832; x_wconf 90' lang='lat' dir='ltr'>merito</span> <span class='ocrx_word' id='word_1_151' title='bbox 846 1776 979 1838; x_wconf 88' lang='lat' dir='ltr'>discusso,</span> <span class='ocrx_word' id='word_1_152' title='bbox 1000 1793 1099 1849; x_wconf 89' lang='lat' dir='ltr'>appro-</span> 
     </span>
     <span class='ocr_line' id='line_1_21' title="bbox 173 1858 1111 1934; baseline 0.003 -22"><span class='ocrx_word' id='word_1_153' title='bbox 173 1858 241 1913; x_wconf 89' lang='lat' dir='ltr'>batis</span> <span class='ocrx_word' id='word_1_154' title='bbox 257 1860 477 1933; x_wconf 83' lang='lat' dir='ltr'>allegationibus,</span> <span class='ocrx_word' id='word_1_155' title='bbox 499 1863 606 1918; x_wconf 89' lang='lat' dir='ltr'>restitui</span> <span class='ocrx_word' id='word_1_156' title='bbox 622 1859 723 1916; x_wconf 87' lang='lat' dir='ltr'>efficiet</span> <span class='ocrx_word' id='word_1_157' title='bbox 743 1860 836 1934; x_wconf 78' lang='lat' dir='ltr'>legum</span> <span class='ocrx_word' id='word_1_158' title='bbox 856 1859 933 1916; x_wconf 81' lang='lat' dir='ltr'>fonte</span> <span class='ocrx_word' id='word_1_159' title='bbox 954 1859 1111 1930; x_wconf 59' lang='lat' dir='ltr'>demanans,</span> 
     </span>
     <span class='ocr_line' id='line_1_22' title="bbox 171 1943 1098 2018; baseline 0.005 -22"><span class='ocrx_word' id='word_1_160' title='bbox 171 1943 308 1998; x_wconf 83' lang='lat' dir='ltr'>sententia</span> <span class='ocrx_word' id='word_1_161' title='bbox 326 1944 479 2007; x_wconf 87' lang='lat' dir='ltr'>indicantis,</span> <span class='ocrx_word' id='word_1_162' title='bbox 501 1954 605 2001; x_wconf 83' lang='lat' dir='ltr'>remota</span> <span class='ocrx_word' id='word_1_163' title='bbox 626 1945 753 2000; x_wconf 87' lang='lat' dir='ltr'>uidelicet</span> <span class='ocrx_word' id='word_1_164' title='bbox 773 1945 913 2016; x_wconf 83' lang='lat' dir='ltr'>pactione,</span> <span class='ocrx_word' id='word_1_165' title='bbox 936 1959 1016 2018; x_wconf 90' lang='lat' dir='ltr'>quam</span> <span class='ocrx_word' id='word_1_166' title='bbox 1033 1944 1098 2001; x_wconf 88' lang='lat' dir='ltr'>dolo</span> 
     </span>
     <span class='ocr_line' id='line_1_23' title="bbox 173 2027 1094 2102; baseline 0.004 -22"><span class='ocrx_word' id='word_1_167' title='bbox 173 2028 292 2099; x_wconf 88' lang='lat' dir='ltr'>patuerit</span> <span class='ocrx_word' id='word_1_168' title='bbox 308 2028 431 2084; x_wconf 86' lang='lat' dir='ltr'>elicitam.</span> <span class='ocrx_word' id='word_1_169' title='bbox 471 2029 527 2084; x_wconf 81' lang='lat' dir='ltr'>ilat.</span> <span class='ocrx_word' id='word_1_170' title='bbox 551 2028 616 2085; x_wconf 89' lang='lat' dir='ltr'>Vlll.</span> <span class='ocrx_word' id='word_1_171' title='bbox 637 2029 674 2085; x_wconf 91' lang='lat' dir='ltr'>id.</span> <span class='ocrx_word' id='word_1_172' title='bbox 696 2027 826 2083; x_wconf 83' lang='lat' dir='ltr'>Februar.</span> <span class='ocrx_word' id='word_1_173' title='bbox 844 2029 932 2102; x_wconf 79' lang='lat' dir='ltr'>Alleg.</span> <span class='ocrx_word' id='word_1_174' title='bbox 955 2045 1019 2084; x_wconf 88' lang='lat' dir='ltr'>non.</span> <span class='ocrx_word' id='word_1_175' title='bbox 1041 2029 1094 2084; x_wconf 82' lang='lat' dir='ltr'>bal.</span> 
     </span>
     <span class='ocr_line' id='line_1_24' title="bbox 173 2105 994 2186; baseline 0.002 -20"><span class='ocrx_word' id='word_1_176' title='bbox 173 2110 257 2184; x_wconf 87' lang='lat' dir='ltr'>April.</span> <span class='ocrx_word' id='word_1_177' title='bbox 276 2113 303 2166; x_wconf 92' lang='lat' dir='ltr'>in</span> <span class='ocrx_word' id='word_1_178' title='bbox 317 2111 427 2168; x_wconf 83' lang='lat' dir='ltr'>basilica</span> <span class='ocrx_word' id='word_1_179' title='bbox 441 2113 616 2168; x_wconf 79' lang='lat' dir='ltr'>Thermarum</span> <span class='ocrx_word' id='word_1_180' title='bbox 632 2112 733 2168; x_wconf 85' lang='lat' dir='ltr'>Corum.</span> <span class='ocrx_word' id='word_1_181' title='bbox 750 2114 816 2186; x_wconf 92' lang='lat' dir='ltr'>ipsis</span> <span class='ocrx_word' id='word_1_182' title='bbox 832 2114 885 2168; x_wconf 80' lang='lat' dir='ltr'>An.</span> <span class='ocrx_word' id='word_1_183' title='bbox 902 2105 994 2168; x_wconf 82' lang='lat' dir='ltr'>coss.³</span> 
     </span>
     <span class='ocr_line' id='line_1_25' title="bbox 214 2192 1098 2271; baseline 0 -19"><span class='ocrx_word' id='word_1_184' title='bbox 214 2192 243 2252; x_wconf 81' lang='lat'>3.</span> <span class='ocrx_word' id='word_1_185' title='bbox 267 2196 349 2252; x_wconf 89' lang='lat' dir='ltr'>lidem</span> <span class='ocrx_word' id='word_1_186' title='bbox 375 2199 445 2271; x_wconf 82' lang='lat' dir='ltr'>Aug.</span> <span class='ocrx_word' id='word_1_187' title='bbox 472 2197 628 2253; x_wconf 87' lang='lat' dir='ltr'>Mamertino</span> <span class='ocrx_word' id='word_1_188' title='bbox 654 2197 695 2251; x_wconf 86' lang='lat' dir='ltr'>Pl.</span> <span class='ocrx_word' id='word_1_189' title='bbox 721 2197 750 2252; x_wconf 91' lang='lat' dir='ltr'>P.</span> <span class='ocrx_word' id='word_1_190' title='bbox 792 2197 888 2252; x_wconf 87' lang='lat' dir='ltr'>inter</span> <span class='ocrx_word' id='word_1_191' title='bbox 914 2205 976 2253; x_wconf 88' lang='lat' dir='ltr'>cet.</span> <span class='ocrx_word' id='word_1_192' title='bbox 1005 2197 1098 2252; x_wconf 89' lang='lat' dir='ltr'>etad</span> 
     </span>
     <span class='ocr_line' id='line_1_26' title="bbox 173 2281 1098 2355; baseline 0 -19"><span class='ocrx_word' id='word_1_193' title='bbox 173 2281 300 2337; x_wconf 85' lang='lat' dir='ltr'>locum:</span> <span class='ocrx_word' id='word_1_194' title='bbox 330 2281 410 2338; x_wconf 82' lang='lat' dir='ltr'>Pacta</span> <span class='ocrx_word' id='word_1_195' title='bbox 425 2282 533 2354; x_wconf 86' lang='lat' dir='ltr'>quidem</span> <span class='ocrx_word' id='word_1_196' title='bbox 548 2299 597 2355; x_wconf 87' lang='lat' dir='ltr'>per</span> <span class='ocrx_word' id='word_1_197' title='bbox 613 2283 668 2337; x_wconf 90' lang='lat' dir='ltr'>uim</span> <span class='ocrx_word' id='word_1_198' title='bbox 684 2289 711 2336; x_wconf 87' lang='lat' dir='ltr'>et</span> <span class='ocrx_word' id='word_1_199' title='bbox 726 2290 828 2336; x_wconf 88' lang='lat' dir='ltr'>metum</span> <span class='ocrx_word' id='word_1_200' title='bbox 849 2281 920 2354; x_wconf 90' lang='lat' dir='ltr'>apud</span> <span class='ocrx_word' id='word_1_201' title='bbox 942 2298 1035 2337; x_wconf 86' lang='lat' dir='ltr'>omnes</span> <span class='ocrx_word' id='word_1_202' title='bbox 1057 2299 1098 2336; x_wconf 88' lang='lat' dir='ltr'>sa·</span> 
     </span>
     <span class='ocr_line' id='line_1_27' title="bbox 172 2365 1095 2439; baseline 0.002 -19"><span class='ocrx_word' id='word_1_203' title='bbox 172 2366 207 2420; x_wconf 90' lang='lat' dir='ltr'>tis</span> <span class='ocrx_word' id='word_1_204' title='bbox 234 2373 341 2421; x_wconf 87' lang='lat' dir='ltr'>constat</span> <span class='ocrx_word' id='word_1_205' title='bbox 366 2375 469 2422; x_wconf 84' lang='lat' dir='ltr'>cessata</span> <span class='ocrx_word' id='word_1_206' title='bbox 493 2367 594 2423; x_wconf 89' lang='lat' dir='ltr'>uiribus</span> <span class='ocrx_word' id='word_1_207' title='bbox 617 2383 676 2422; x_wconf 88' lang='lat' dir='ltr'>esse</span> <span class='ocrx_word' id='word_1_208' title='bbox 703 2365 864 2439; x_wconf 79' lang='lat' dir='ltr'>respuendo.</span> <span class='ocrx_word' id='word_1_209' title='bbox 886 2367 942 2422; x_wconf 86' lang='lat' dir='ltr'>Dat.</span> <span class='ocrx_word' id='word_1_210' title='bbox 966 2365 1019 2422; x_wconf 91' lang='lat' dir='ltr'>Xll.</span> <span class='ocrx_word' id='word_1_211' title='bbox 1043 2367 1095 2422; x_wconf 82' lang='lat' dir='ltr'>lral.</span> 
     </span>
     <span class='ocr_line' id='line_1_28' title="bbox 175 2441 525 2524; baseline 0.014 -22"><span class='ocrx_word' id='word_1_212' title='bbox 175 2450 259 2523; x_wconf 83' lang='lat' dir='ltr'>April.</span> <span class='ocrx_word' id='word_1_213' title='bbox 277 2452 341 2524; x_wconf 88' lang='lat' dir='ltr'>ipsis</span> <span class='ocrx_word' id='word_1_214' title='bbox 358 2453 412 2506; x_wconf 88' lang='grc' dir='ltr'>ΑΑ.</span> <span class='ocrx_word' id='word_1_215' title='bbox 430 2441 525 2507; x_wconf 76' lang='lat' dir='ltr'>coss.3</span> 
     </span>
    </p>
   </div>
   <div class='ocr_carea' id='block_1_3' title="bbox 124 2649 1151 3460">
    <p class='ocr_par' dir='ltr' id='par_1_3' title="bbox 124 2649 1151 3460">
     <span class='ocr_line' id='line_1_29' title="bbox 128 2649 1096 2714; baseline 0.002 -18"><span class='ocrx_word' id='word_1_216' title='bbox 128 2649 194 2698; x_wconf 84' lang='lat' dir='ltr'>Por.</span> <span class='ocrx_word' id='word_1_217' title='bbox 213 2657 246 2698; x_wconf 83' lang='lat'>86.</span> <span class='ocrx_word' id='word_1_218' title='bbox 286 2650 345 2698; x_wconf 78' lang='lat' dir='ltr'>Vici.</span> <span class='ocrx_word' id='word_1_219' title='bbox 364 2649 475 2700; x_wconf 84' lang='lat' dir='ltr'>Huenel.</span> <span class='ocrx_word' id='word_1_220' title='bbox 499 2651 536 2700; x_wconf 84' lang='lat' dir='ltr'>ad</span> <span class='ocrx_word' id='word_1_221' title='bbox 552 2651 585 2698; x_wconf 85' lang='lat' dir='ltr'>L.</span> <span class='ocrx_word' id='word_1_222' title='bbox 604 2659 624 2703; x_wconf 82' lang='lat'>7,</span> <span class='ocrx_word' id='word_1_223' title='bbox 648 2649 692 2698; x_wconf 84' lang='lat' dir='ltr'>Tb.</span> <span class='ocrx_word' id='word_1_224' title='bbox 713 2649 740 2700; x_wconf 80' lang='lat'>0.</span> <span class='ocrx_word' id='word_1_225' title='bbox 761 2660 784 2711; x_wconf 87' lang='lat'>1,</span> <span class='ocrx_word' id='word_1_226' title='bbox 804 2659 839 2709; x_wconf 70' lang='grc'>2.,</span> <span class='ocrx_word' id='word_1_227' title='bbox 859 2665 922 2714; x_wconf 84' lang='lat' dir='ltr'>quoe</span> <span class='ocrx_word' id='word_1_228' title='bbox 946 2657 985 2697; x_wconf 84' lang='lat' dir='ltr'>est</span> <span class='ocrx_word' id='word_1_229' title='bbox 1007 2665 1031 2696; x_wconf 88' lang='grc' dir='ltr'>α.</span> <span class='ocrx_word' id='word_1_230' title='bbox 1050 2655 1096 2698; x_wconf 79' lang='lat'><strong>356.</strong></span> 
     </span>
     <span class='ocr_line' id='line_1_30' title="bbox 131 2715 1096 2782; baseline -0.001 -17"><span class='ocrx_word' id='word_1_231' title='bbox 131 2715 174 2778; x_wconf 79' lang='lat'>¹⁷⁰)</span> <span class='ocrx_word' id='word_1_232' title='bbox 195 2715 263 2776; x_wconf 82' lang='lat' dir='ltr'>Quae</span> <span class='ocrx_word' id='word_1_233' title='bbox 281 2717 322 2767; x_wconf 81' lang='lat' dir='ltr'>bic</span> <span class='ocrx_word' id='word_1_234' title='bbox 338 2720 456 2782; x_wconf 87' lang='lat' dir='ltr'>sequitur</span> <span class='ocrx_word' id='word_1_235' title='bbox 473 2721 615 2782; x_wconf 76' lang='lat' dir='ltr'>specierum</span> <span class='ocrx_word' id='word_1_236' title='bbox 632 2720 795 2781; x_wconf 73' lang='lat' dir='ltr'>lepontiorum</span> <span class='ocrx_word' id='word_1_237' title='bbox 811 2718 933 2781; x_wconf 73' lang='lat' dir='ltr'>sarrapo,</span> <span class='ocrx_word' id='word_1_238' title='bbox 950 2717 1023 2778; x_wconf 80' lang='lat' dir='ltr'>finito</span> <span class='ocrx_word' id='word_1_239' title='bbox 1043 2723 1096 2764; x_wconf 80' lang='lat' dir='ltr'>trc-</span> 
     </span>
     <span class='ocr_line' id='line_1_31' title="bbox 126 2784 1097 2849; baseline -0.001 -16"><span class='ocrx_word' id='word_1_240' title='bbox 126 2791 210 2844; x_wconf 83' lang='lat' dir='ltr'>ctntu,</span> <span class='ocrx_word' id='word_1_241' title='bbox 229 2789 268 2834; x_wconf 84' lang='lat' dir='ltr'>vel</span> <span class='ocrx_word' id='word_1_242' title='bbox 291 2786 323 2834; x_wconf 84' lang='lat' dir='ltr'>ab</span> <span class='ocrx_word' id='word_1_243' title='bbox 345 2787 402 2848; x_wconf 85' lang='lat' dir='ltr'>ipso</span> <span class='ocrx_word' id='word_1_244' title='bbox 426 2788 480 2834; x_wconf 83' lang='lat' dir='ltr'>eius</span> <span class='ocrx_word' id='word_1_245' title='bbox 503 2793 608 2836; x_wconf 83' lang='lat' dir='ltr'>auctore</span> <span class='ocrx_word' id='word_1_246' title='bbox 633 2787 683 2845; x_wconf 86' lang='lat' dir='ltr'>vel,</span> <span class='ocrx_word' id='word_1_247' title='bbox 709 2787 777 2849; x_wconf 84' lang='lat' dir='ltr'>quod</span> <span class='ocrx_word' id='word_1_248' title='bbox 797 2786 968 2840; x_wconf 81' lang='lat' dir='ltr'>uerisimilius,</span> <span class='ocrx_word' id='word_1_249' title='bbox 992 2784 1023 2832; x_wconf 87' lang='lat' dir='ltr'>ab</span> <span class='ocrx_word' id='word_1_250' title='bbox 1046 2785 1097 2832; x_wconf 85' lang='lat' dir='ltr'>alio</span> 
     </span>
     <span class='ocr_line' id='line_1_32' title="bbox 130 2853 1097 2918; baseline -0.003 -16"><span class='ocrx_word' id='word_1_251' title='bbox 130 2853 197 2914; x_wconf 84' lang='lat' dir='ltr'>(nam</span> <span class='ocrx_word' id='word_1_252' title='bbox 222 2861 248 2902; x_wconf 85' lang='lat' dir='ltr'>et</span> <span class='ocrx_word' id='word_1_253' title='bbox 276 2855 328 2903; x_wconf 83' lang='lat' dir='ltr'>alia</span> <span class='ocrx_word' id='word_1_254' title='bbox 356 2854 485 2918; x_wconf 82' lang='lat' dir='ltr'>allepnudi</span> <span class='ocrx_word' id='word_1_255' title='bbox 506 2855 606 2903; x_wconf 83' lang='lat' dir='ltr'>ratione</span> <span class='ocrx_word' id='word_1_256' title='bbox 632 2853 722 2914; x_wconf 81' lang='lat' dir='ltr'>utitur)</span> <span class='ocrx_word' id='word_1_257' title='bbox 750 2854 900 2916; x_wconf 78' lang='lat' dir='ltr'>supplendis</span> <span class='ocrx_word' id='word_1_258' title='bbox 927 2853 1034 2900; x_wconf 73' lang='lat' dir='ltr'>manime</span> <span class='ocrx_word' id='word_1_259' title='bbox 1056 2853 1097 2908; x_wconf 78' lang='lat' dir='ltr'>iic,</span> 
     </span>
     <span class='ocr_line' id='line_1_33' title="bbox 128 2917 1139 2985; baseline -0.002 -15"><span class='ocrx_word' id='word_1_260' title='bbox 128 2936 193 2984; x_wconf 84' lang='lat' dir='ltr'>quae</span> <span class='ocrx_word' id='word_1_261' title='bbox 212 2923 244 2970; x_wconf 85' lang='lat' dir='ltr'>de</span> <span class='ocrx_word' id='word_1_262' title='bbox 260 2923 417 2985; x_wconf 74' lang='lat' dir='ltr'>pactioni.</span> <span class='ocrx_word' id='word_1_263' title='bbox 437 2922 635 2980; x_wconf 67' lang='lat' dir='ltr'>traducerent,</span> <span class='ocrx_word' id='word_1_264' title='bbox 654 2921 745 2970; x_wconf 82' lang='lat' dir='ltr'>additu</span> <span class='ocrx_word' id='word_1_265' title='bbox 763 2935 818 2970; x_wconf 79' lang='lat' dir='ltr'>esse</span> <span class='ocrx_word' id='word_1_266' title='bbox 839 2921 946 2971; x_wconf 80' lang='lat' dir='ltr'>uidetur.</span> <span class='ocrx_word' id='word_1_267' title='bbox 1016 2917 1037 2983; x_wconf 89' lang='lat'>¹)</span> <span class='ocrx_word' id='word_1_268' title='bbox 1056 2919 1098 2968; x_wconf 86' lang='lat' dir='ltr'>De</span> <span class='ocrx_word' id='word_1_269' title='bbox 1136 2944 1139 2950; x_wconf 92' lang='lat'><em>·</em></span> 
     </span>
     <span class='ocr_line' id='line_1_34' title="bbox 128 2988 1101 3053; baseline 0 -18"><span class='ocrx_word' id='word_1_270' title='bbox 128 2988 166 3036; x_wconf 78' lang='lat' dir='ltr'>bic</span> <span class='ocrx_word' id='word_1_271' title='bbox 188 2995 284 3052; x_wconf 83' lang='lat' dir='ltr'>septem</span> <span class='ocrx_word' id='word_1_272' title='bbox 307 2989 537 3046; x_wconf 74' lang='lat' dir='ltr'>constitutionibus,</span> <span class='ocrx_word' id='word_1_273' title='bbox 558 3004 622 3053; x_wconf 84' lang='lat' dir='ltr'>quac</span> <span class='ocrx_word' id='word_1_274' title='bbox 646 3004 680 3037; x_wconf 75' lang='lat' dir='ltr'>em</span> <span class='ocrx_word' id='word_1_275' title='bbox 704 3003 814 3051; x_wconf 83' lang='lat' dir='ltr'>corpore</span> <span class='ocrx_word' id='word_1_276' title='bbox 838 2989 1038 3052; x_wconf 82' lang='lat' dir='ltr'>Hermopeniani</span> <span class='ocrx_word' id='word_1_277' title='bbox 1061 2989 1101 3035; x_wconf 85' lang='lat' dir='ltr'>ci-</span> 
     </span>
     <span class='ocr_line' id='line_1_35' title="bbox 129 3054 1096 3120; baseline 0.002 -18"><span class='ocrx_word' id='word_1_278' title='bbox 129 3061 225 3112; x_wconf 81' lang='lat' dir='ltr'>tantur,</span> <span class='ocrx_word' id='word_1_279' title='bbox 242 3058 292 3105; x_wconf 86' lang='lat' dir='ltr'>uid.</span> <span class='ocrx_word' id='word_1_280' title='bbox 306 3058 427 3115; x_wconf 67' lang='lat' dir='ltr'>fraenet,</span> <span class='ocrx_word' id='word_1_281' title='bbox 446 3058 482 3106; x_wconf 84' lang='lat' dir='ltr'>ad</span> <span class='ocrx_word' id='word_1_282' title='bbox 493 3057 584 3106; x_wconf 85' lang='lat' dir='ltr'>Herm.</span> <span class='ocrx_word' id='word_1_283' title='bbox 598 3055 626 3105; x_wconf 83' lang='lat'>0.</span> <span class='ocrx_word' id='word_1_284' title='bbox 646 3071 675 3120; x_wconf 89' lang='lat' dir='ltr'>p.</span> <span class='ocrx_word' id='word_1_285' title='bbox 689 3064 721 3106; x_wconf 75' lang='lat' dir='ltr'>bt.</span> <span class='ocrx_word' id='word_1_286' title='bbox 744 3057 780 3104; x_wconf 87' lang='lat' dir='ltr'>ad</span> <span class='ocrx_word' id='word_1_287' title='bbox 800 3056 844 3105; x_wconf 79' lang='lat' dir='ltr'>tt.</span> <span class='ocrx_word' id='word_1_288' title='bbox 860 3056 886 3108; x_wconf 86' lang='lat' dir='ltr'>C.</span> <span class='ocrx_word' id='word_1_289' title='bbox 905 3073 931 3120; x_wconf 91' lang='lat' dir='ltr'>p.</span> <span class='ocrx_word' id='word_1_290' title='bbox 945 3064 990 3104; x_wconf 76' lang='lat' dir='ltr'>tto.</span> <span class='ocrx_word' id='word_1_291' title='bbox 1023 3055 1051 3104; x_wconf 76' lang='grc' dir='ltr'>(ι’.</span> <span class='ocrx_word' id='word_1_292' title='bbox 1065 3054 1096 3104; x_wconf 82' lang='lat' dir='ltr'>F.</span> 
     </span>
     <span class='ocr_line' id='line_1_36' title="bbox 127 3122 1097 3187; baseline 0 -17"><span class='ocrx_word' id='word_1_293' title='bbox 127 3122 227 3171; x_wconf 77' lang='lat' dir='ltr'>Puclatn</span> <span class='ocrx_word' id='word_1_294' title='bbox 245 3123 336 3174; x_wconf 77' lang='lat' dir='ltr'>antor.</span> <span class='ocrx_word' id='word_1_295' title='bbox 354 3127 403 3174; x_wconf 83' lang='lat' dir='ltr'>iur.</span> <span class='ocrx_word' id='word_1_296' title='bbox 423 3127 463 3174; x_wconf 84' lang='lat' dir='ltr'>ed.</span> <span class='ocrx_word' id='word_1_297' title='bbox 482 3133 501 3178; x_wconf 83' lang='lat'>³.</span> <span class='ocrx_word' id='word_1_298' title='bbox 514 3141 542 3187; x_wconf 88' lang='lat' dir='ltr'>p.</span> <span class='ocrx_word' id='word_1_299' title='bbox 562 3133 607 3176; x_wconf 77' lang='lat'>656.</span> <span class='ocrx_word' id='word_1_300' title='bbox 633 3124 658 3176; x_wconf 88' lang='lat' dir='ltr'>I.</span> <span class='ocrx_word' id='word_1_301' title='bbox 679 3123 796 3186; x_wconf 80' lang='lat' dir='ltr'>Gotltofr.</span> <span class='ocrx_word' id='word_1_302' title='bbox 816 3140 860 3174; x_wconf 79' lang='lat' dir='ltr'>eas</span> <span class='ocrx_word' id='word_1_303' title='bbox 878 3126 904 3172; x_wconf 87' lang='lat' dir='ltr'>in</span> <span class='ocrx_word' id='word_1_304' title='bbox 925 3123 970 3175; x_wconf 81' lang='lat' dir='ltr'>Tb.</span> <span class='ocrx_word' id='word_1_305' title='bbox 990 3122 1029 3180; x_wconf 69' lang='grc'>6.,</span> <span class='ocrx_word' id='word_1_306' title='bbox 1047 3137 1097 3170; x_wconf 76' lang='lat' dir='ltr'>sex</span> 
     </span>
     <span class='ocr_line' id='line_1_37' title="bbox 124 3189 1096 3259; baseline -0.001 -21"><span class='ocrx_word' id='word_1_307' title='bbox 124 3193 229 3252; x_wconf 81' lang='lat' dir='ltr'>priores</span> <span class='ocrx_word' id='word_1_308' title='bbox 246 3192 285 3240; x_wconf 84' lang='lat' dir='ltr'>lit.</span> <span class='ocrx_word' id='word_1_309' title='bbox 304 3193 335 3240; x_wconf 87' lang='lat' dir='ltr'>cle</span> <span class='ocrx_word' id='word_1_310' title='bbox 351 3195 437 3254; x_wconf 82' lang='lat' dir='ltr'>pactis</span> <span class='ocrx_word' id='word_1_311' title='bbox 455 3192 484 3252; x_wconf 79' lang='lat'>(2,</span> <span class='ocrx_word' id='word_1_312' title='bbox 504 3193 536 3254; x_wconf 85' lang='lat'>9),</span> <span class='ocrx_word' id='word_1_313' title='bbox 555 3193 672 3259; x_wconf 72' lang='lat' dir='ltr'>ailimpre,</span> <span class='ocrx_word' id='word_1_314' title='bbox 693 3192 724 3241; x_wconf 85' lang='lat' dir='ltr'>de</span> <span class='ocrx_word' id='word_1_315' title='bbox 743 3207 794 3256; x_wconf 84' lang='lat' dir='ltr'>qun</span> <span class='ocrx_word' id='word_1_316' title='bbox 811 3194 860 3242; x_wconf 84' lang='lat' dir='ltr'>oid.</span> <span class='ocrx_word' id='word_1_317' title='bbox 880 3191 987 3240; x_wconf 82' lang='lat' dir='ltr'>Weuclt.</span> <span class='ocrx_word' id='word_1_318' title='bbox 1001 3190 1036 3238; x_wconf 88' lang='lat' dir='ltr'>ad</span> <span class='ocrx_word' id='word_1_319' title='bbox 1051 3189 1096 3238; x_wconf 77' lang='lat' dir='ltr'>Ta.</span> 
     </span>
     <span class='ocr_line' id='line_1_38' title="bbox 127 3257 1151 3322; baseline -0.002 -16"><span class='ocrx_word' id='word_1_320' title='bbox 127 3257 155 3306; x_wconf 82' lang='lat'>0.</span> <span class='ocrx_word' id='word_1_321' title='bbox 175 3275 201 3321; x_wconf 86' lang='lat' dir='ltr'>p.</span> <span class='ocrx_word' id='word_1_322' title='bbox 220 3265 275 3316; x_wconf 67' lang='lat' dir='ltr'>tlt„</span> <span class='ocrx_word' id='word_1_323' title='bbox 295 3259 333 3308; x_wconf 86' lang='lat' dir='ltr'>tit.</span> <span class='ocrx_word' id='word_1_324' title='bbox 353 3261 389 3308; x_wconf 85' lang='lat' dir='ltr'>ad</span> <span class='ocrx_word' id='word_1_325' title='bbox 406 3258 454 3308; x_wconf 84' lang='lat' dir='ltr'>SC.</span> <span class='ocrx_word' id='word_1_326' title='bbox 474 3258 563 3311; x_wconf 79' lang='lat' dir='ltr'>Claud.</span> <span class='ocrx_word' id='word_1_327' title='bbox 585 3257 615 3322; x_wconf 75' lang='lat'>(4,</span> <span class='ocrx_word' id='word_1_328' title='bbox 628 3259 651 3321; x_wconf 87' lang='lat' dir='ltr'>e)</span> <span class='ocrx_word' id='word_1_329' title='bbox 671 3260 761 3316; x_wconf 83' lang='lat' dir='ltr'>intulit,</span> <span class='ocrx_word' id='word_1_330' title='bbox 780 3261 846 3310; x_wconf 79' lang='lat' dir='ltr'>clius</span> <span class='ocrx_word' id='word_1_331' title='bbox 864 3260 990 3308; x_wconf 84' lang='lat' dir='ltr'>interdum</span> <span class='ocrx_word' id='word_1_332' title='bbox 1008 3259 1096 3306; x_wconf 79' lang='lat' dir='ltr'>tectio·</span> <span class='ocrx_word' id='word_1_333' title='bbox 1145 3273 1151 3291; x_wconf 92' lang='lat'><strong>·</strong></span> 
     </span>
     <span class='ocr_line' id='line_1_39' title="bbox 126 3325 1096 3392; baseline -0.001 -19"><span class='ocrx_word' id='word_1_334' title='bbox 126 3340 172 3374; x_wconf 82' lang='lat' dir='ltr'>nes</span> <span class='ocrx_word' id='word_1_335' title='bbox 188 3340 305 3388; x_wconf 79' lang='lat' dir='ltr'>sequeno,</span> <span class='ocrx_word' id='word_1_336' title='bbox 324 3342 388 3390; x_wconf 84' lang='lat' dir='ltr'>quas</span> <span class='ocrx_word' id='word_1_337' title='bbox 405 3329 472 3376; x_wconf 82' lang='lat' dir='ltr'>unde</span> <span class='ocrx_word' id='word_1_338' title='bbox 489 3328 617 3391; x_wconf 78' lang='lat' dir='ltr'>petiuerit,</span> <span class='ocrx_word' id='word_1_339' title='bbox 636 3329 735 3392; x_wconf 81' lang='lat' dir='ltr'>ipnoro.</span> <span class='ocrx_word' id='word_1_340' title='bbox 805 3325 826 3390; x_wconf 82' lang='lat'>²)</span> <span class='ocrx_word' id='word_1_341' title='bbox 846 3327 909 3376; x_wconf 81' lang='lat' dir='ltr'>Pur.</span> <span class='ocrx_word' id='word_1_342' title='bbox 928 3333 960 3376; x_wconf 81' lang='lat'>86.</span> <span class='ocrx_word' id='word_1_343' title='bbox 997 3340 1096 3390; x_wconf 85' lang='lat' dir='ltr'>oppres·</span> 
     </span>
     <span class='ocr_line' id='line_1_40' title="bbox 124 3391 1097 3460; baseline -0.004 -18"><span class='ocrx_word' id='word_1_344' title='bbox 124 3408 177 3442; x_wconf 87' lang='lat' dir='ltr'>sum</span> <span class='ocrx_word' id='word_1_345' title='bbox 196 3394 258 3444; x_wconf 85' lang='lat' dir='ltr'>Par.</span> <span class='ocrx_word' id='word_1_346' title='bbox 272 3403 305 3444; x_wconf 81' lang='lat' dir='ltr'>tt.</span> <span class='ocrx_word' id='word_1_347' title='bbox 324 3395 404 3460; x_wconf 81' lang='lat' dir='ltr'>Pupp.</span> <span class='ocrx_word' id='word_1_348' title='bbox 475 3391 496 3458; x_wconf 84' lang='lat'>³)</span> <span class='ocrx_word' id='word_1_349' title='bbox 516 3409 541 3448; x_wconf 82' lang='lat' dir='ltr'>a,</span> <span class='ocrx_word' id='word_1_350' title='bbox 559 3403 614 3453; x_wconf 68' lang='lat'>365,</span> <span class='ocrx_word' id='word_1_351' title='bbox 633 3397 698 3458; x_wconf 77' lang='lat' dir='ltr'>ipsis</span> <span class='ocrx_word' id='word_1_352' title='bbox 715 3411 752 3448; x_wconf 82' lang='lat' dir='ltr'>sc,</span> <span class='ocrx_word' id='word_1_353' title='bbox 768 3395 889 3458; x_wconf 80' lang='lat' dir='ltr'>Aupuetis</span> <span class='ocrx_word' id='word_1_354' title='bbox 906 3396 1011 3458; x_wconf 73' lang='lat' dir='ltr'>primum</span> <span class='ocrx_word' id='word_1_355' title='bbox 1029 3406 1097 3442; x_wconf 87' lang='lat' dir='ltr'>coss.</span> 
     </span>
    </p>
   </div>
   <div class='ocr_carea' id='block_1_4' title="bbox 0 0 1300 4286">
    <p class='ocr_par' dir='ltr' id='par_1_4' title="bbox 0 0 1300 4286">
     <span class='ocr_line' id='line_1_41' title="bbox 0 0 1300 4286; baseline 0 1"><span class='ocrx_word' id='word_1_356' title='bbox 0 0 1300 4286; x_wconf 95' lang='lat' dir='ltr'> </span> 
     </span>
    </p>
   </div>
  </div>
 </body>
</html>
