2648 3974
483 193 578 229 rvmvs
597 192 730 230 rtvnnvs.
1047 185 1097 234 355

122 336 183 392 tur,
207 329 242 378 ad
260 329 398 378 Marciani
421 331 449 378 in
469 345 530 378 eum
553 335 633 380 notas
657 331 822 381 translatum
845 337 888 382 est
911 331 1017 396 (Cenat.
1037 335 1097 384 Deo

126 403 243 448 auctore
263 395 290 460 S.
305 397 341 456 6).
377 397 429 447 Sed
449 396 501 446 hoc
520 399 695 464 opprobrium
713 400 743 447 in
760 400 918 449 universum
930 399 1030 451 Paullo
1049 401 1097 450 de-

111 468 249 516 traxisse
268 463 393 526 videtur,
420 470 450 514 ut
473 464 517 515 vel
536 465 740 516 Sententiarum
764 468 929 530 auctoritas,
952 470 1097 534 inquibus

126 549 162 585 ex
179 533 308 583 instituto
328 532 420 582 nullus
439 539 535 582 auctor
553 547 641 598 neque
660 534 827 586 laudabatur
843 550 933 600 neque
951 537 1098 601 reprehen-

123 601 258 662 debatur,
281 601 310 649 iu
333 600 445 650 dubium
470 607 624 650 vocaretur.
663 603 752 666 Igitur
774 605 907 653 sexennio
935 610 998 668 post
1024 605 1097 654 idern

123 672 278 734 imperator
302 667 336 716 ad
360 668 477 717 eundem
495 667 656 731 Maximum,
682 674 737 719 turn
761 671 934 735 praefectum
959 673 1097 735 praetorio

125 736 299 800 Galliarum,
318 739 349 784 ut
367 735 491 795 videtur,
510 736 635 785 Treviris
653 737 744 800 legem
763 740 787 786 2.
808 737 859 787 Th.
879 737 908 788 O.
929 738 989 790 eod.
1012 741 1097 802 misit,

128 820 186 870 qua
206 803 361 869 praetatus,
380 803 518 864 univorsa,
539 818 609 868 quae
630 805 767 869 scriptura
784 805 879 854 Paulli
896 809 1098 866 contineantur,

129 876 249 936 recepta
267 871 433 920 auctoritate
452 869 587 920 firmanda
606 878 635 920 et
647 874 720 922 omni
733 875 913 924 veneratione
928 875 1099 925 celebranda

127 955 202 1003 esse,
222 939 384 1003 specialiter
402 939 528 988 subiicit:
549 939 683 1003 ‘ideoque
702 939 905 990 Sententiarum
924 941 1018 1005 libros,
1038 943 1097 1008 ple-

126 1009 243 1058 nissima
266 1006 329 1055 luce
349 1011 377 1054 et
394 1005 601 1070 perfectissima
626 1006 783 1058 elocutione
807 1016 835 1057 et
857 1009 1011 1059 iustissima
1029 1012 1098 1059 iuris

128 1076 238 1125 ratione
258 1075 423 1134 succinctos,
442 1075 471 1122 in
489 1073 601 1124 iudiciis
618 1074 744 1138 prolatos
760 1075 855 1126 valere
868 1092 923 1126 non
935 1077 1097 1127 dubitatur.’

128 1145 210 1204 Quae
230 1141 338 1205 quidem
358 1142 444 1191 verba
463 1157 523 1190 cum
543 1141 768 1206 eximperatoris
787 1145 927 1193 sententia
939 1148 1047 1194 tantum
1063 1145 1097 1193 ad

118 1208 376 1262 'commendandam
407 1210 479 1258 inter
511 1215 605 1258 cetera
635 1210 729 1259 Paulli
758 1212 864 1275 scripta
893 1211 1098 1261 Sententiarum

129 1277 329 1329 auctoritatem
356 1277 428 1327 forte
461 1280 527 1326 tunc
554 1276 716 1326 lacessitam
746 1279 912 1342 pertinuisse
942 1279 1097 1343 videantur,

129 1347 263 1412 poterant
280 1349 374 1394 tamen
393 1345 478 1394 etiam
496 1344 537 1393 ita
556 1345 663 1408 accipi,
686 1352 717 1394 ut
736 1346 862 1410 singulae
886 1361 1011 1411 quaeque
1034 1350 1096 1396 sen·

126 1415 237 1464 tentiae
260 1412 296 1461 ab
319 1411 486 1477 imperatore
511 1411 689 1462 confirmatae
713 1418 819 1462 essent:
847 1415 1011 1479 praesertim
1035 1429 1097 1464 cum

126 1484 171 1531 ita
189 1481 297 1530 demum
315 1480 493 1544 privilegium
510 1478 609 1528 Paullo
629 1481 659 1528 in
677 1496 731 1530 uno
751 1480 822 1530 libro
841 1483 993 1545 irrogatum
1011 1483 1095 1546 privi-

126 1549 203 1614 legio
231 1549 260 1597 in
288 1547 374 1597 altero
402 1547 469 1596 dato
496 1552 700 1611 compensatum
730 1555 762 1598 et,
778 1549 880 1597 iniuria
908 1563 1010 1599 summo
1036 1550 1097 1599 viro

126 1617 206 1666 facta
230 1619 385 1679 exaequata
408 1629 469 1664 esse
492 1613 641 1665 videretur.
682 1617 719 1664 Iit
746 1619 787 1664 ita
816 1631 914 1666 revera
937 1617 991 1666 isto
1015 1631 1094 1676 aevo,

129 1683 238 1748 amplas
266 1697 332 1747 opes
359 1683 514 1732 litterarius
537 1683 566 1730 in
593 1683 653 1732 dies
676 1684 765 1748 magis
793 1683 969 1746 fastidiente,
999 1685 1096 1750 cupide

128 1757 247 1816 accepta
273 1757 345 1800 sunt.
390 1751 460 1800 Nam
487 1748 659 1800 Theodosius
684 1751 722 1802 Π.
751 1756 778 1800 et
806 1751 1020 1801 Valentinianus
1048 1751 1097 1802 ΙΙΙ.

126 1821 191 1884 lege
210 1822 234 1869 3.
259 1818 310 1868 Th.
330 1818 360 1867 C.
380 1817 440 1867 eod.
464 1817 499 1866 ad
523 1822 648 1867 senatum
671 1818 747 1867 urbis
771 1819 875 1867 Rornae
900 1834 924 1868 a.
949 1821 1007 1868 426.
1031 1819 1098 1868 data

127 1889 207 1952 leges
232 1889 254 1937 1.
283 1891 311 1934 et
333 1888 356 1937 2.
386 1888 445 1934 citt.
475 1889 635 1949 repetentes
662 1886 756 1936 Paulli
779 1885 938 1935 Sententiae
966 1901 1098 1950 semper

128 1957 226 2006 valere
245 1954 436 2018 praecipiunt,
455 1951 507 2002 hoc
526 1957 568 2001 est
584 1951 699 2016 perinde
719 1959 769 2003 ‘ac
788 1953 888 2003 divalis
908 1955 1070 2003 constitutio
1078 1958 1097 2012 ²,

130 2028 163 2072 ιιι
181 2023 259 2072 addit
277 2021 401 2072 Censuit.
417 2021 441 2084 i,
462 2023 486 2070 3.
562 2076 567 2080 ‚

196 2107 262 2156 Hac
289 2106 399 2155 ratione
427 2104 555 2154 effectum
583 2109 639 2167 est,
668 2108 698 2153 ut
724 2105 752 2152 in
780 2104 905 2168 partibus
933 2103 1097 2167 occidentis,

128 2176 247 2224 maxime
269 2174 298 2222 in
316 2172 473 2222 Galliarum
495 2171 687 2236 praefectura,
710 2171 805 2221 Paulli
829 2172 992 2221 Sententiae
1016 2176 1097 2237 quasi

84 2241 88 2246 ’
129 2242 264 2308 singulari
288 2243 348 2290 iure
368 2243 499 2304 receptae
524 2255 585 2288 esse
606 2245 784 2292 censerentur
806 2243 835 2289 et
854 2246 968 2290 cunctos
988 2245 1097 2289 ceteros

130 2311 258 2362 IOtorum
276 2308 363 2358 libros
381 2309 410 2356 in
429 2307 540 2356 iudiciis
557 2307 614 2372 legi
633 2308 730 2357 solitos
749 2314 779 2356 ut
798 2307 968 2358 utrctoritate
987 2307 1028 2356 ita
1046 2323 1098 2356 usu

130 2392 261 2442 superare
271 2377 427 2440 inciperent
440 2380 468 2424 et
480 2376 540 2439 ipse
550 2373 666 2424 Paullus
676 2375 813 2426 Iuridicus
828 2376 907 2440 quasi
917 2366 982 2426 κατ’
993 2366 1099 2440 ἐξοχὴν

133 2445 377 2509 cognominaretur
389 2441 527 2508 (Consult.
538 2445 564 2504 t,
575 2445 599 2494 3.
618 2441 716 2492 Isidor.
730 2443 806 2507 Orig.
817 2445 840 2503 5,
852 2446 891 2494 24.
907 2442 996 2510 830).
1017 2442 1099 2493 Circa

130 2513 214 2562 finem
227 2511 297 2560 enirn
312 2511 399 2560 seculi
413 2511 503 2575 quinti
515 2515 572 2561 tam
590 2511 619 2558 in
633 2510 842 2561 Consultatione
857 2514 884 2560 et
903 2513 931 2560 in
943 2511 1005 2576 lege
1021 2512 1098 2562 Rom.

130 2579 365 2640 Burgundionum,
386 2593 467 2642 quam
485 2579 514 2628 in
528 2578 621 2628 edicto
634 2578 801 2628 Theodorici
813 2578 886 2629 hunc
899 2580 985 2629 solum
998 2578 1098 2631 librum

94 2705 96 2709 Ι
132 2645 286 2696 adhibitum
303 2646 443 2708 ridemus,
469 2661 574 2710 exque
598 2647 641 2696 ius
664 2645 746 2696 civile
769 2653 881 2710 praeter
902 2647 1097 2712 imperatorum

133 2714 346 2764 constitutiones
369 2718 520 2778 peteretur.
561 2715 689 2778 Denique
717 2729 777 2762 curn
800 2715 897 2778 paucis
928 2715 1007 2764 annis
1034 2719 1099 2779 post

130 2783 261 2832 Alaricus
280 2782 316 2832 Il.
334 2785 416 2831 vetus
434 2782 477 2830 ius
499 2783 529 2830 in
552 2783 690 2846 epitomen
713 2781 863 2846 redigendo
884 2782 976 2846 'legem
999 2782 1098 2830 Roma-

132 2866 196 2901 nam
215 2851 294 2915 regni
305 2849 512 2912 Visigothorum
527 2852 711 2914 componeret,
730 2847 801 2897 idem
822 2865 855 2897 ex
874 2850 933 2898 iure
953 2850 1011 2898 fere
1025 2850 1099 2899 solos

132 2917 339 2969 Sententiarum
359 2917 446 2967 libros
467 2919 574 2982 corpori
597 2933 646 2967 suo
663 2918 704 2965 ita
722 2917 850 2977 inseruit,
871 2921 901 2964 ut
920 2932 953 2964 ex
970 2915 1014 2964 his
1034 2932 1098 2980 quo·

131 3001 184 3050 que
210 2987 275 3036 lites
307 2985 514 3045 dirimerentun
543 2983 607 3034 Gaii
637 2985 708 3034 enirn
735 2984 927 3034 institutiones
955 2985 1043 3048 magis
1070 2985 1099 3032 in

131 3054 288 3103 scholarum
307 3067 385 3102 usum
405 3057 433 3100 et
445 3053 594 3116 Papiniani
612 3067 745 3116 responsa
763 3051 861 3115 inclyti
875 3052 992 3100 nominis
1006 3053 1099 3116 gratia

130 3121 279 3170 retinuisse
307 3120 426 3171 videtur.
475 3121 511 3168 Et
538 3120 603 3169 huic
632 3121 741 3184 quidem
771 3120 910 3170 breviario
936 3119 1099 3169 Alariciano

131 3189 305 3253 potissimum
324 3187 473 3252 debemus,
494 3203 561 3252 quos
583 3203 655 3237 nunc
674 3189 766 3238 Paulli
786 3187 989 3238 Sententiarum
1012 3187 1100 3236 libros

65 3267 68 3270 '
131 3255 317 3321 appellamus.

201 3341 340 3402 Quantam
357 3345 464 3406 partem
475 3345 516 3390 ‘ex
533 3341 569 3390 iis
584 3340 721 3404 Visigothi
739 3357 816 3391 suam
835 3340 962 3400 fecerint,
982 3353 1017 3386 ne
1037 3351 1098 3386 con-

129 3409 240 3460 iectura
260 3408 369 3472 quidem
388 3409 457 3458 satis
478 3413 556 3458 certa
575 3407 683 3457 definiri
701 3413 813 3472 potest.=
837 3406 905 3456 Cum
923 3411 1015 3455 tamen
1034 3419 1099 3454 con-

86 3533 88 3537 ,
129 3483 200 3542 stet,
227 3493 260 3528 cx
284 3476 478 3526 Theodosiano
504 3475 605 3528 Codice
633 3491 688 3526 non
714 3476 827 3524 multum
855 3489 938 3539 supra
964 3472 1098 3522 decimam

833 3559 896 3618 23*
