2634 3960
199 213 249 261 564
363 222 425 258 nos.
444 222 478 256 ur
499 221 565 257 noa.
584 219 680 283 aenum
699 187 815 258 aornar.
835 205 871 253 tt.
892 205 933 258 10.
954 205 998 255 lig

200 367 278 440 punit
297 363 471 427 homicidam,
494 365 517 418 si
533 361 596 418 dolo
612 361 682 416 malo
699 359 871 417 homicidium
888 359 987 415 iactum
1003 357 1099 414 luerit:
1124 358 1171 414 hic

200 459 288 507 autem
309 455 385 522 pater
406 465 461 503 nun
481 445 543 502 ideo
558 447 679 501 seruauit
700 443 794 507 liliam.
817 444 880 518 quia
901 443 1003 507 uoluit,
1034 441 1082 507 sed
1105 443 1171 518 quia

203 533 325 592 occidere
342 549 399 588 eam
410 548 466 588 nun
481 533 581 605 potnit.
1095 599 1097 604 ,

264 618 329 691 llap.
351 616 382 672 X.
421 615 631 689 Papinianus
653 613 754 668 idema
795 607 883 667 l.⁹Si
910 612 1021 666 maritus
1055 627 1171 666 uxorem

201 703 318 760 suumin
334 701 466 756 adulterio
482 701 678 774 deprehensam
694 697 801 760 occidit,
818 712 852 751 an
868 697 896 752 iu
912 695 1004 769 legem
1019 695 1052 751 de
1065 696 1171 750 sicariis

201 787 310 848 incidat,
327 785 457 858 quaero’
500 783 666 858 Respondit:
682 780 755 837 nulla
770 780 932 855 partelegis
948 781 1044 836 marito
1057 797 1173 835 uxorem

204 871 327 927 occidere
343 869 514 931 conceditur;
531 883 614 942 quare
631 867 736 940 ’aperte
745 860 771 899 ⁴⁸
786 873 879 920 contra
892 865 983 938 legem
990 864 1171 926 lecissee'um,

201 973 256 1011 non
272 946 445 1026 ambigitur⁹
473 953 526 1009 Sed
541 955 564 1007 si
580 951 613 1006 de
633 967 722 1024 poena
743 957 856 1011 tractas,
878 966 934 1004 non
956 951 1048 1022 inique
1069 949 1173 1022 aliquid

204 1042 261 1095 eius
283 1039 474 1096 honestissimo
495 1037 577 1093 calori
596 1037 778 1110 permittitur:
805 1043 836 1090 ut
856 1051 910 1088 non
937 1036 1014 1107 quasi
1038 1033 1174 1090 homicida·

203 1124 330 1198 puniatur
345 1124 448 1196 capite,
465 1122 509 1177 uel
525 1121 727 1195 deportatione,
744 1119 791 1175 sed
808 1117 942 1192 usquead
959 1118 1067 1173 exilium
1083 1135 1174 1191 poena

205 1210 263 1264 eius
279 1215 422 1264 statuatur.
432 1202 457 1240 ⁵⁰

267 1292 332 1365 llap.
367 1291 410 1347 lll.
451 1291 611 1346 ldemsic:
658 1286 682 1344 1.
716 1288 769 1342 ‘lle
796 1288 932 1360 mancipiis
968 1285 1104 1358 'adulteri
1127 1287 1174 1342 nel

206 1369 330 1438 utaris,1
350 1377 448 1430 marito
464 1374 507 1430 uel
535 1382 611 1448 patre
631 1380 788 1434 accusante,
805 1373 991 1444 quaestionem
1013 1369 1171 1436 habendam,

205 1462 292 1535 palam
308 1459 373 1514 ’est
402 1451 473 1514 Sed²
489 1476 522 1512 au
538 1458 608 1513 idem
625 1466 751 1512 extranco
767 1457 916 1512 accusatori
931 1457 1050 1529 permitti
1067 1454 1173 1519 debeat,

207 1544 330 1618 quaero.’
374 1541 538 1616 Respondit:
560 1549 652 1615 potest
668 1541 754 1596 uideri
769 1557 799 1596 ea
814 1542 883 1596 ratio
899 1539 983 1596 fuisse
998 1540 1174 1614 permittendi

205 1629 264 1682 istis
286 1628 411 1700 personis
434 1627 467 1681 de
488 1628 574 1681 seruis
607 1628 792 1698 quaestionem
819 1624 929 1686 habere,
956 1629 987 1680 ut
1015 1624 1173 1699 diligentius

206 1710 343 1769 'dolorem
361 1712 441 1766 animi
457 1712 512 1774 sui,
533 1711 598 1766 item
609 1712 732 1782 iniuriam
753 1710 840 1765 laesae
862 1704 989 1772 domus‚³
1008 1727 1064 1764 non
1084 1718 1174 1768 trans·

207 1796 291 1852 latitia
306 1804 543 1868 persequerentur.
559 1815 560 1818 ¹
589 1795 640 1850 Sed
657 1796 783 1868 quoniam
804 1810 859 1850 non
882 1793 959 1850 facile
976 1793 1028 1850 tale
1045 1794 1174 1850 delictum

208 1883 265 1938 sine
285 1881 435 1938 ministerio
457 1896 600 1936 seruorum
615 1879 719 1936 admitti
735 1879 867 1935 creditum
888 1886 944 1940 est,
969 1879 1037 1934 ratio
1056 1895 1089 1954 eo
1109 1895 1174 1952 per-

207 1966 297 2029 duxit,
320 1973 350 2022 ut
371 1967 450 2021 etiam
471 1972 599 2021 extraneo
621 1972 763 2020 accusante
785 1961 914 2038 mancipia
936 1965 1088 2037 quaestioni
1116 1972 1174 2019 tor-

209 2058 362 2106 mentorum
378 2050 565 2106 subicerentur
580 2042 768 2105 aiudicibus.⁴

208 2291 235 2332 et
252 2285 310 2333 edd.
329 2283 422 2333 babent
438 2285 465 2330 in
480 2284 531 2341 fine
547 2283 652 2346 periodi
665 2289 728 2346 post
743 2299 766 2330 v.
780 2288 857 2344 pater;
876 2282 1012 2343 manifesta
1032 2284 1175 2345 tramposi-

209 2353 284 2405 tione,
304 2367 367 2414 quae
387 2351 485 2413 effecit,
505 2355 531 2397 ut
548 2367 570 2398 o.
589 2351 639 2398 lilia
657 2351 805 2398 adderetur.
841 2349 882 2398 De
899 2365 928 2398 re
947 2349 981 2411 cf.
1000 2349 1032 2398 L.
1052 2357 1085 2396 23.
1106 2347 1132 2412 3.
1151 2357 1173 2397 4.

209 2419 242 2466 D.
262 2418 286 2466 lt.
306 2424 323 2465 t.
417 2415 449 2478 48)
470 2433 496 2466 ea
514 2425 580 2480 parte
597 2417 631 2465 B.
649 2418 765 2478 fortusse
788 2419 893 2473 rectius,
917 2424 946 2465 ut
967 2419 1124 2479 inteilipatur
1142 2431 1175 2466 ea

210 2486 272 2548 lepis
290 2486 322 2533 de
340 2486 386 2536 sic.
406 2500 477 2547 pars,
496 2485 539 2534 ubi
556 2487 588 2535 de
600 2485 731 2534 homicidio
749 2486 788 2534 uei
803 2485 872 2535 licito
890 2487 929 2534 uel
942 2486 1028 2534 illicito
1041 2485 1174 2546 upebotur,

210 2553 251 2601 cui
269 2553 360 2600 deinde
385 2554 523 2616 opponitur
545 2569 576 2602 ea
599 2569 676 2616 para,
699 2554 726 2602 in
748 2569 799 2617 qua
818 2567 904 2616 poena
926 2553 1054 2602 homicidii
1073 2554 1176 2602 sancita

210 2624 277 2671 mm
347 2617 1176 2684 QumdmmmmqmdmmnmammMrmmmOM„

209 2689 334 2750 piassema
351 2702 406 2736 esse
424 2688 463 2737 lais
480 2688 580 2738 vocibus
598 2689 734 2752 aliquando
752 2689 960 2752 superscriptum,
979 2689 1035 2750 ipse
1050 2687 1083 2736 B.
1104 2689 1176 2737 testis

211 2761 261 2810 eat,
281 2757 307 2803 in
326 2771 373 2820 quo
391 2758 507 2821 sequenti
526 2756 636 2819 periodo
653 2761 713 2817 post
730 2772 753 2806 v.
773 2757 916 2818 permittitur
933 2759 1008 2804 etiam
1029 2754 1094 2804 banc
1117 2769 1175 2804 cor-

153 2830 156 2836 '
212 2825 322 2873 rectoris
347 2825 555 2874 admonitionem:
578 2823 704 2883 ambigitur
726 2825 762 2872 sic
788 2823 846 2872 dicit
871 2824 915 2885 (ec.
935 2821 1035 2882 auctor)
1061 2837 1107 2871 non
1128 2822 1174 2884 (aa.

210 2892 286 2948 dicit,
306 2906 386 2956 neque
411 2907 472 2956 erpa
493 2891 652 2941 scribendum
675 2887 723 2952 est)
749 2891 884 2940 dubitantur
905 2891 1054 2940 insanabilis
1075 2889 1177 2938 librarii

210 2960 318 3006 stultitia
337 2961 419 3008 textui
435 2961 550 3012 inseruit.
629 2955 660 3018 ⁵⁰)
681 2955 722 3019 Of.
741 2959 812 3020 infra
830 2974 851 3010 c.
872 2967 902 3008 ta.
922 2957 949 3022 3.
968 2967 989 3009 t.
1015 2957 1046 3005 L.
1067 2965 1084 3004 t.
1105 2954 1133 3019 3.
1152 2965 1172 3007 5.

211 3025 244 3073 D.
263 3027 299 3074 ad
320 3027 366 3089 lep.
391 3025 468 3077 Corn.
491 3029 523 3076 de
544 3027 589 3078 sic.
611 3022 662 3088 (ts,
682 3023 718 3088 8).
752 3026 784 3077 L.
804 3035 823 3075 3.
847 3024 874 3088 8.
893 3035 914 3079 3.
937 3026 971 3076 D.
994 3026 1031 3074 ad
1051 3022 1100 3074 SC.
1126 3021 1172 3073 Sil.

213 3090 258 3154 (29,
278 3091 310 3156 5),
389 3092 409 3156 1)
429 3097 525 3144 alterius
544 3093 577 3144 Β.
606 3094 740 3142 alterutrius
762 3095 808 3145 Ve.
831 3095 872 3143 Vi.
891 3096 930 3143 ed.
949 3093 992 3142 Bt.
1020 3091 1119 3141 adulteri
1138 3092 1174 3154 ej.

212 3159 298 3210 Odiac.
326 3163 445 3210 adulterae
464 3162 541 3210 uxoris
560 3162 596 3222 ej,
615 3174 669 3223 epo.
694 3161 749 3210 Sed
764 3163 814 3210 aid.
833 3161 866 3210 L.
880 3170 913 3210 27.
926 3158 974 3224 83.
987 3169 1007 3213 6,
1022 3169 1054 3208 15.
1073 3160 1105 3208 D.
1118 3160 1142 3210 la.
1156 3166 1174 3212 t.

212 3228 244 3276 b.
258 3236 278 3276 3.
299 3228 327 3278 0.
341 3231 397 3279 eod.
425 3231 457 3280 L.
472 3238 490 3281 1.
511 3227 539 3276 θ.
559 3230 590 3277 de
610 3237 708 3293 quaeat.
730 3230 761 3291 (9,
780 3229 824 3290 41).
852 3231 881 3280 de
899 3231 979 3278 alteris
994 3243 1046 3290 pro
1066 3228 1095 3275 de
1109 3229 1176 3277 adul·

212 3297 280 3344 tertis
299 3296 330 3345 B.
355 3297 429 3345 etiam
452 3297 490 3344 tit.
511 3303 543 3348 lt.
562 3311 584 3345 c,
603 3305 623 3345 3.
648 3295 676 3360 S.
694 3305 714 3345 3.
737 3296 819 3346 babet.
923 3295 944 3357 ²)
963 3310 1015 3344 esse
1034 3295 1097 3344 Cdd.
1117 3296 1176 3347 edd.

213 3369 248 3409 est
265 3365 300 3424 cj.
320 3363 416 3412 Scitote.
502 3360 524 3426 8)
544 3364 650 3416 dolorem
668 3365 741 3414 animi
759 3366 878 3422 maritus,
903 3365 1014 3413 iniuriam
1039 3363 1118 3414 laesae
1135 3363 1178 3412 do·

211 3436 369 3545 gushppter.
473 3427 495 3492 4)
521 3430 560 3492 Cf.
580 3432 613 3480 L.
634 3439 656 3479 tt
672 3447 715 3494 pr.
739 3432 771 3480 D.
789 3433 822 3480 de
846 3439 944 3496 quaest.
964 3428 1011 3493 (48,
1033 3430 1076 3491 ts).
1104 3429 1136 3479 L.
1155 3438 1176 3478 a.
