2634 3960
438 177 551 213 noarrrr
570 175 686 212 vnrrarr
705 177 780 212 1usr.
800 177 864 214 aaa.
1085 163 1136 212 523

168 312 329 379 exponendo
347 313 414 362 iuris
435 311 581 376 naturalis,
600 313 724 377 gentium
743 318 770 362 et
789 313 880 362 civilis
900 311 1059 362 discrimine
1078 321 1135 362 tarn

150 383 226 432 late
246 381 279 430 de
297 379 467 438 interdictis,
487 379 521 428 de
544 380 684 444 precario,
708 379 741 430 de
766 380 955 430 contractibus
977 381 1044 429 iuris
1068 395 1135 444 geu-

168 449 250 509 tium,
276 452 304 497 et
327 461 420 498 rursus
444 447 477 496 de
499 447 654 496 interdictis
682 447 772 510 egisse
801 447 970 512 perhibetur.
1013 447 1068 496 Sed
1091 463 1134 498 res

170 515 249 566 salva
276 519 345 570 est·
372 515 536 579 Quanquam
562 514 634 566 enim
656 514 791 578 Ulpianus
819 514 904 564 etiam
929 514 982 566 hoc
1009 515 1080 564 libro
1106 515 1135 563 in

167 583 326 634 universum
338 581 465 632 Gaianae
483 582 601 632 similem
614 583 800 647 partitionem,
815 583 933 632 maxime
945 581 1023 631 illam
1035 582 1063 630 in
1081 583 1134 644 ius,

168 650 240 715 quod
258 649 295 699 ad
311 663 445 714 personas
464 654 494 714 et
512 649 583 712 quod
602 649 699 699 adres
722 650 844 714 pertinet
863 647 908 712 (de
934 665 979 711 eo,
1004 649 1076 712 quod
1101 650 1136 698 ad

172 718 297 767 actiones
315 718 447 781 pertinet,
466 716 573 780 dubito)
593 721 705 766 secutus
724 732 785 767 esse
804 719 879 766 recte
894 715 1023 779 ereditur,
1042 719 1135 766 tamea

167 785 307 834 trifariam
326 784 361 833 ab
381 799 415 834 ea
434 785 584 834 recessisse
602 784 741 848 putandus
761 788 810 836 est.
841 783 962 832 Primum
982 784 1054 833 enim
1074 798 1134 832 cum

170 852 256 902 Gaius
278 853 309 900 in
332 851 444 901 exordio
468 856 495 902 et
519 852 600 916 quasi
616 851 802 915 praefationis
826 849 887 900 loco
912 851 1136 902 distributionem

169 919 301 983 cuiusque
320 919 447 968 cultioris
465 919 559 984 populi
576 919 643 968 iuris
661 921 691 968 in
709 919 752 967 ius
771 918 853 968 civile
873 922 901 966 et
918 918 1040 982 gentium
1054 919 1136 968 iuris·

168 1001 221 1050 que
235 986 328 1036 civilis
341 985 458 1036 Romani
469 987 498 1034 iu
511 1001 575 1036 suas
587 990 682 1050 partes
694 987 841 1050 posuisset,
854 985 907 1039 hoc
925 985 986 1034 loco
998 985 1135 1050 Ulpianus

170 1055 243 1116 (L.1
263 1069 303 1119 pr.
324 1051 371 1116 88.
392 1057 415 1103 1.
434 1055 459 1104 2.
478 1052 512 1104 D.
531 1053 565 1102 de
584 1054 647 1105 inst.
668 1056 695 1102 et
713 1054 772 1104 iure
792 1055 815 1114 l,
836 1051 861 1117 1)
881 1051 915 1101 de
933 1053 991 1101 iure
1011 1057 1039 1102 et
1055 1054 1135 1102 iusti-

170 1121 222 1184 tia,
242 1119 276 1170 de
294 1121 353 1170 iure
372 1120 483 1184 publico
503 1125 531 1169 et
548 1121 658 1185 privato
677 1124 705 1170 et
718 1119 750 1170 de
763 1120 867 1184 privati
877 1120 946 1168 iuris
958 1120 1044 1170 variis
1056 1135 1135 1184 prae·

168 1187 259 1252 ceptis
281 1189 349 1252 agit.
390 1188 498 1237 Deinde
521 1188 601 1237 huius
626 1187 694 1238 iuris
716 1191 868 1251 praecepta
891 1202 959 1248 non,
983 1191 1015 1235 ut
1038 1185 1133 1248 Gaius,

168 1256 249 1304 cuius
265 1258 390 1320 tempore
412 1255 508 1320 populi
530 1255 589 1305 iure
612 1255 722 1320 proprio
745 1254 871 1304 distincti
894 1253 1039 1318 imperium
1058 1253 1134 1304 Rom.

170 1321 342 1381 efficiebant,
362 1323 397 1372 ad
415 1322 516 1386 duplex
534 1337 635 1388 genus,
654 1323 696 1371 ius
715 1321 797 1371 civile
817 1325 845 1370 et
862 1321 986 1386 gentium
1005 1325 1134 1382 revocat,

170 1393 233 1453 post
252 1390 394 1440 civitatem
414 1391 485 1439 enim
504 1391 634 1440 universo
653 1389 714 1439 orbi
733 1389 826 1438 datam
849 1389 902 1438 hoc
924 1387 1071 1440 discrimen
1093 1393 1136 1438 to·

170 1456 226 1506 tius
243 1456 310 1506 iuris
329 1458 358 1506 iu
375 1457 492 1522 imperio
515 1455 781 1506 administrationem
804 1471 901 1519 regere
925 1456 1059 1518 desierat3
1086 1455 1135 1504 sed

170 1524 311 1588 tripertita
333 1540 394 1574 esse
413 1524 486 1575 vult:
506 1523 671 1574 ‘collectum
689 1525 762 1574 enim
781 1528 824 1572 est
842 1522 952 1588 (iuquit)
972 1539 1005 1572 ex
1022 1527 1135 1573 natura-

169 1591 242 1641 libus
265 1593 437 1657 praeceptis,
457 1597 504 1641 aut
527 1592 651 1656 gentium
676 1597 723 1641 aut
747 1588 905 1642 civilibus’:
931 1605 1002 1654 quae
1025 1590 1134 1651 divisio,

18 1667 22 1674 '
118 1714 123 1721 Ι
171 1659 205 1708 ab
230 1659 397 1710 animalibus
419 1661 572 1724 iucipiens,
594 1675 651 1708 rem
674 1660 764 1724 magis
788 1659 823 1708 ab
847 1674 899 1708 usu
922 1659 957 1708 ad
981 1658 1135 1708 doctrinam

171 1727 366 1777 transferebat.
403 1727 559 1785 Postremo,
580 1727 651 1790 quod
674 1731 759 1791 caput
782 1731 837 1787 est,
862 1726 1047 1788 maioremque
1069 1726 1134 1786 vim,

169 1809 251 1858 quam
269 1793 339 1844 haec
358 1794 515 1844 distributio
534 1799 632 1858 postea
651 1794 680 1842 in
698 1794 784 1842 solius
796 1793 863 1842 iuris
876 1793 995 1842 Romani
1008 1792 1136 1840 doctriua

169 1861 337 1918 obtinuerat,
355 1861 473 1910 maxime
491 1861 584 1924 prodit
603 1859 677 1922 (nam
701 1866 729 1908 et
746 1860 876 1909 Paullum
899 1859 952 1908 hoc
974 1873 1074 1908 novum
1094 1857 1135 1906 iu-

170 1928 294 1976 stitutum
317 1928 346 1975 iu
368 1928 424 1976 suis
445 1927 672 1976 Institutionibus
695 1931 820 1976 secutum
844 1939 904 1974 esse
933 1940 988 1975 non
1016 1925 1132 1986 dubito),

171 1992 257 2042 Gaius
276 1993 387 2055 quidem
405 1998 467 2057 post
486 1995 612 2058 exposita
634 1993 757 2057 duplicia
783 1993 833 2042 illa
856 1992 917 2042 iura
936 1992 977 2052 (1,
997 1988 1023 2056 2)
1044 1991 1135 2041 addit:

171 2065 258 2123 ‘quae
283 2059 393 2138 singula
416 2059 510 2124 qualia
533 2061 602 2121 sint,
631 2063 687 2110 suis
714 2059 783 2108 locis
805 2063 1014 2123 proponemus',
1038 2059 1133 2122 itaque

171 2131 267 2192 postea
285 2127 314 2176 in
330 2141 393 2191 ipsa
410 2127 579 2176 tractatione
597 2126 766 2190 singulorum
789 2126 900 2187 iuriam,
921 2140 1002 2190 quam
1025 2141 1059 2174 ex
1077 2124 1133 2174 alia

174 2209 280 2244 summa
302 2193 605 2252 divisione-ordinavit,
623 2198 713 2241 utrum
734 2193 803 2242 iuris
825 2193 948 2256 gentium
969 2193 1136 2257 unumquod-

172 2277 223 2326 que
237 2261 281 2324 sit,
302 2276 337 2310 an
355 2261 422 2310 iuris
436 2261 538 2322 civilis,
553 2259 656 2324 ubique
668 2259 761 2308 tradit.
786 2258 924 2323 Ulpianus
938 2265 1034 2309 eontra
1046 2261 1136 2324 ipsam

171 2329 249 2378 illam
272 2329 493 2379 distributionem
515 2329 545 2376 iu
568 2328 611 2376 ius
635 2325 778 2388 naturale,
803 2326 927 2391 gentium
949 2330 977 2375 et
1000 2325 1083 2378 civile
1107 2327 1137 2376 in

172 2411 260 2446 rerum
280 2396 450 2460 expositione
470 2410 615 2453 summam,
636 2394 805 2458 alteramque
824 2394 853 2442 iu
871 2394 914 2442 ius
933 2394 1004 2458 quod
1023 2394 1058 2444 ad
1076 2410 1137 2459 per·

172 2478 254 2512 sonas
266 2463 312 2513 vel
331 2479 376 2513 res
388 2463 516 2528 pertinet,
536 2461 729 2512 secundariam
747 2461 850 2511 fecisse
869 2461 1067 2511 existimandus
1086 2465 1136 2520 est,

172 2533 203 2578 ut
221 2531 336 2594 primum
353 2531 383 2578 in
400 2533 460 2579 iure
473 2530 595 2580 naturali
607 2529 721 2579 doceret
734 2527 794 2591 (sed
806 2528 859 2578 hoc
872 2528 981 2594 quidem
990 2529 1137 2592 breviter),

171 2611 243 2660 quae
262 2597 372 2662 singula
390 2598 452 2648 iura
472 2614 505 2647 ex
523 2597 575 2646 hoc
594 2597 671 2646 fonte
693 2598 883 2658 manaverint,
908 2595 1007 2646 deinde
1029 2597 1059 2645 in
1076 2598 1135 2647 iure

171 2666 309 2728 gentium,
328 2666 396 2714 item
416 2679 593 2730 quaecuuque
616 2667 678 2713 iura
695 2663 759 2712 huic
784 2663 919 2728 originem
943 2664 1087 2724 deberent,
1109 2668 1138 2714 et

173 2730 300 2780 similiter
318 2731 434 2797 denique
453 2732 482 2781 in
499 2732 559 2781 iure
578 2732 666 2792 civili,
685 2745 874 2795 necunquam
893 2730 929 2779 ad
946 2731 1002 2779 iam
1014 2734 1137 2780 tractata

171 2797 288 2860 rediret;
312 2815 376 2849 nam
399 2801 429 2848 in
450 2799 675 2849 Institutionibus
698 2799 853 2848 summatim
877 2801 985 2846 tautum
1010 2811 1136 2862 quaeque

172 2867 283 2916 tradere
304 2871 519 2916 consentaneum
538 2873 607 2917 erat.
643 2868 742 2929 Itaque
768 2865 803 2915 ad
820 2866 863 2914 ius
881 2863 1009 2913 naturale
1028 2868 1138 2928 spectat

123 2973 124 2981 ,
171 2935 204 2988 L,
224 2935 246 2986 1.
268 2933 296 2998 3.
316 2935 340 2983 2.
364 2935 399 2988 D.
419 2933 452 2983 de
477 2935 542 2986 iust.
567 2933 607 2997 (1,
628 2933 668 2996 ll:
692 2933 721 2980 in
742 2933 801 2980 iure
825 2932 948 2996 gentium
973 2930 1137 3047 explicando

172 3017 189 3049 a
208 3016 386 3064 personarum
406 3003 466 3051 iure
484 3002 564 3051 initio·
585 3001 659 3050 facto
678 3004 740 3064 post
760 2999 823 3057 alia,
843 2999 988 3063 inquibus
1028 2999 1136 3052 ,21.1).

172 3068 205 3116 de
220 3069 322 3132 captiv.
336 3071 378 3132 49,
394 3071 445 3130 15,
468 3074 495 3118 et
514 3067 694 3132 sequentibus
708 3067 772 3116 aliis
790 3066 972 3116 tradebantur
988 3065 1047 3129 illa,
1067 3081 1137 3130 quae

172 3133 289 3197 legimus
308 3135 340 3187 L.
358 3138 382 3185 4.
401 3136 435 3186 D.
455 3136 488 3186 de
507 3136 597 3185 instit.
616 3134 652 3197 (1,
673 3134 707 3197 1).
743 3135 852 3184 Deinde
873 3150 906 3184 ex
922 3134 992 3197 iure,
1013 3133 1084 3198 quod
1103 3131 1139 3183 ad

173 3215 218 3248 res
236 3203 371 3264 pertinet,
390 3205 507 3267 primum
526 3207 638 3252 servata
656 3205 731 3265 snut,
756 3217 825 3266 quae
848 3201 981 3251 scamella
999 3200 1138 3250 Vindobo-

173 3267 272 3316 nensia
301 3270 452 3320 continent.
492 3270 525 3319 In
548 3270 591 3318 bis
618 3270 652 3318 de
680 3269 835 3318 interdictis
862 3270 948 3334 primo
974 3268 1036 3317 loco
1063 3267 1138 3316 dicta

172 3335 339 3398 spectabant
366 3337 425 3385 sine
452 3336 536 3387 dubio
563 3337 781 3400 stipulationem,
815 3350 885 3399 quae
915 3335 984 3384 iuris
1015 3335 1138 3399 gentium

173 3405 216 3452 est
238 3399 314 3465 (Gai.
332 3406 359 3460 3,
379 3405 419 3454 93.
451 3403 493 3456 ef.
512 3403 575 3469 Ulp.
594 3405 625 3453 L.
644 3405 668 3456 8.
686 3405 719 3454 D.
741 3403 774 3454 de
796 3401 927 3467 acceptil.
945 3403 992 3466 46,
1010 3403 1051 3466 4);
1074 3417 1139 3451 nam
