2614 3960
421 210 524 248 saecu.
545 212 602 247 ΝΒ.
622 209 687 246 rou.
705 210 799 248 var1c.
818 198 858 248 75.
1069 195 1119 246 645

153 359 261 428 lepoto,
285 358 311 410 si
336 369 368 408 ex
389 353 430 408 his
451 353 532 425 aliqui
553 359 677 410 mortuus
699 359 754 423 est,
774 355 835 409 eius
847 368 921 424 pars
936 355 1000 408 iure
1016 369 1117 408 accre—
1184 383 1185 386 η

153 440 259 496 scendi
274 441 313 494 ud
327 445 439 495 ceteros
453 442 579 508 pertinet
585 461 594 500 ;
609 438 721 511 quodsi
737 452 786 509 per
798 437 994 492 damnationem
1004 437 1119 492 derectis

155 530 282 580 testator
296 525 421 595 leuatum
443 525 572 594 reliquit,
598 525 713 591 ceteris,
734 523 839 594 'quibus
859 522 1005 596 tegmem,
1028 519 1118 577 liberis

155 606 262 664 mortui
273 624 348 679 pars
364 622 538 664 accrescere
554 623 611 664 uon
625 611 719 678 potest
721 647 827 662 .....
1227 615 1246 634 ·-
1298 615 1299 618 ’

219 686 297 748 ⁹¹75.
320 691 399 764 'Ulp
415 693 461 747 tto.
479 691 581 748 XVII.
591 690 703 746 edSab.
718 688 770 762 (1.)
787 690 949 762 Usufructu
960 691 1061 762 lepoto,
1076 698 1118 745 est
1126 683 1216 760 afll'ir
1262 677 1287 750 's'

153 781 233 834 inter
241 769 438 848 fructuarios²
450 777 492 831 ius
504 775 684 839 adcrescendi,
697 773 744 829 sed
761 774 1008 845 'uougornniruodo²
1018 769 1155 830 uerum‘fl’
1168 767 1220 803 ⁸⁴⁴⁸·
1249 777 1251 786 ‘

154 865 184 917 in
204 877 263 932 per
280 865 516 934 praeceptionem
538 853 584 916 et²
605 861 633 914 in
654 855 707 914 ‘do
724 857 805 932 lego'
821 859 922 933 legato,
940 859 1035 914 ’modo
1052 875 1118 914 cou-

154 949 273 1002 iuuctim
288 949 402 1019 tepatus
416 949 461 1000 sit.
486 950 612 1000 ceterum
633 945 659 998 si
678 938 856 1014 separatim3
877 943 1063 1014 ususfructus
1084 944 1120 1000 sit

155 1031 277 1093 relictus,
294 1031 352 1084 siue
368 1029 450 1085 dubio
462 1033 507 1085 ius
519 1029 711 1084 accrescendi
722 1034 827 1083 cessat.
845 1026 1123 1100 (2.)Iieuiqueapud

7 1177 9 1180 ,
155 1117 304 1172 Iulianum
318 1113 366 1170 lib.
383 1112 482 1168 XXXV.
500 1113 558 1186 lug,
576 1113 723 1184 quaeritur,
740 1111 763 1165 si
779 1115 920 1167 communi
934 1127 1021 1168 seruo
1037 1127 1119 1166 usus-

66 1250 70 1256 ,
155 1199 278 1270 fructus
299 1202 335 1254 sit
351 1201 480 1268 relictus,
498 1203 525 1252 et
540 1197 685 1268 'utrisque
700 1189 835 1252 domiuis⁴
851 1195 1001 1267 adquisitus
1017 1197 1065 1256 sit,
1088 1211 1119 1248 aar

157 1283 246 1339 altero
262 1285 435 1354 repudiante
451 1283 497 1338 uel
520 1285 665 1336 omittente
689 1278 914 1356 usumfructum,
938 1283 1015 1335 ulter
1036 1285 1122 1334 totum

157 1365 262 1423 lrabeat.
294 1366 326 1422 Et
341 1365 460 1441 lulianus
477 1365 584 1438 quidem
599 1371 692 1436 putat,
710 1368 750 1421 od
769 1367 891 1420 atterum
907 1366 1074 1434 pertinere;
1096 1370 1123 1418 et

157 1455 226 1508 ticet
242 1454 361 1508 dominis
376 1440 550 1506 ususfructus
565 1466 620 1504 non
637 1449 729 1521 aequis
744 1447 879 1522 partibus,
901 1451 954 1504 sed
961 1467 1020 1520 pro
1036 1449 1121 1503 domi·
1299 1505 1300 1534 ,

160 1538 235 1591 uicis
251 1539 433 1608 adquiratur,
452 1542 546 1590 tomen
558 1549 689 1604 persono
706 1536 775 1603 eius,
797 1551 854 1589 uon
875 1534 1061 1595 dominorum,
1083 1533 1122 1587 in·
1275 1525 1300 1604 'l

159 1627 251 1694 specta
271 1620 304 1674 ad
326 1623 449 1676 alterum
471 1635 510 1686 eu
536 1621 655 1676 dominis
680 1621 845 1688 pertinere,
869 1635 926 1675 uon
948 1620 1124 1690 proprietati
1257 1663 1259 1666 .
1279 1649 1280 1652 =
1299 1615 1300 1666 l

158 1704 305 1760 accedere.
324 1699 328 1782 1
346 1703 398 1778 (3.)
426 1704 497 1759 ldem
519 1705 568 1766 ait,
585 1703 651 1760 etsi
672 1704 808 1758 communi
830 1719 910 1758 seruo
932 1710 959 1756 et
979 1703 1241 1774 separatimso,t.[1a]
1299 1705 1300 1772 )

157 1779 228 1844 m'uo
241 1788 414 1844 ususfructus
431 1789 538 1862 legatus
560 1789 604 1850 sit,
622 1787 744 1841 amissam
759 1794 863 1860 partem
879 1785 1053 1842 ususfructus
1069 1803 1123 1839 nou
1299 1773 1300 1816 l

157 1873 189 1925 ad
205 1872 316 1933 fitium,
333 1873 381 1928 sed
397 1873 429 1928 ad
444 1872 532 1928 solum
549 1871 655 1927 socium
670 1871 806 1944 pertinere
822 1869 929 1932 debere,
946 1871 1022 1941 quasi
1035 1868 1122 1923 solum

160 1955 348 2017 coniunctum
366 1972 444 2027 quam
460 1957 620 2011 sententiam
637 1971 727 2028 neque
741 1953 895 2017 Marcellus,
923 1969 1011 2026 neque
1027 1953 1122 2007 Mauri·

158 2039 250 2092 cianus
266 2037 399 2109 probaut;
415 2038 576 2111 Papinianus
593 2054 702 2110 quoque
718 2038 765 2093 lib.
783 2035 858 2091 XVll.
883 2036 1075 2104 Quaestionum
1092 2035 1123 2090 ab

158 2137 187 2176 ea
199 2120 315 2183 secedim
333 2137 401 2194 quae
416 2123 551 2176 sententia
566 2122 669 2176 Neratii
683 2121 793 2183 'fuerit
811 2127 852 2176 est
868 2119 937 2176 libro
959 2121 978 2174 l.
1001 2119 1122 2193 Respon-

158 2221 250 2260 sorum
276 2198 424 2260 relatum.⁵
465 2205 517 2260 Sed
539 2212 615 2277 puto,
638 2220 697 2260 esse
719 2221 809 2260 ueram
830 2203 924 2260 luliaui
945 2205 1121 2260 seutentiam:

157 2306 216 2345 uam
234 2289 361 2362 quamdiu
376 2289 420 2344 uel
436 2304 506 2344 uuus
521 2290 614 2349 utitur,
630 2295 722 2360 potest
738 2289 800 2350 dici,
815 2289 1015 2344 usumfructum
1030 2289 1057 2344 iu
1071 2279 1121 2343 suo

160 2389 219 2428 esse
235 2382 317 2428 statu.
348 2373 513 2446 Pomponius
526 2375 562 2428 ait
578 2371 648 2428 libro
663 2371 717 2427 Vll,
735 2389 768 2428 ex
782 2371 902 2436 Plautio,
923 2373 1007 2428 relata
1027 2372 1122 2428 luliaui

159 2459 300 2521 sententia,
315 2458 445 2531 quosdam
462 2473 521 2513 esse
537 2459 564 2514 in
580 2457 701 2513 'diuersa
717 2450 873 2530 opinione;⁶
888 2473 939 2513 nee
954 2458 1024 2514 euim
1036 2459 1121 2530 magis

162 2543 236 2597 socio
253 2541 352 2599 dehere
368 2542 532 2604 adcrescere,
548 2559 628 2616 quam
644 2541 742 2598 debere
758 2543 797 2606 ei,
815 2543 862 2614 qui
888 2535 999 2598 ’fundi7
1014 2542 1121 2598 liabens

157 2626 364 2690 usumfructum,
380 2631 484 2700 partem
500 2626 672 2682 ususfructus
693 2627 872 2700 proprietario
889 2629 981 2688 cessit,
1007 2627 1051 2682 uel
1066 2642 1120 2682 nou

155 2771 356 2784 ——-———--

157 2873 188 2937 ⁹.¹l
208 2872 256 2938 38.
276 2884 377 2924 75-88.
402 2891 437 2924 erc
457 2875 514 2938 Uip.
539 2877 575 2925 ad
592 2873 652 2923 Sub.
675 2874 718 2924 tit.
741 2873 839 2925 XVII.
864 2876 1014 2938 euseriptoe
1037 2877 1121 2923 mucci-

159 2959 219 2992 mom
245 2950 345 3005 partem
371 2944 462 3006 paucis
487 2944 590 2992 ructatis
615 2949 719 2991 exstant
741 2941 774 2991 L.
794 2951 813 2989 1.
833 2951 854 2994 3.
873 2949 893 2990 8.
921 2942 954 2990 D.
979 2944 1011 2992 de
1037 2943 1120 3005 usufr.

159 3025 226 3063 acer.
248 3008 279 3072 (7,
298 3009 330 3070 t).
368 3011 413 3059 Ad
430 3007 456 3073 3.
469 3019 501 3058 75.
522 3010 555 3071 (i)
575 3010 608 3071 cf.
628 3011 703 3059 Paul.
722 3007 750 3060 S.
765 3009 795 3057 ll.
811 3017 830 3068 3,
850 3017 869 3062 6.
888 3006 914 3072 8.
929 3017 962 3058 26.
1031 3007 1121 3072 2)1ῗε-

156 3079 227 3124 stitai
248 3080 335 3138 paullo
361 3080 438 3126 aliter
461 3093 492 3126 ac
511 3077 607 3127 Buchfc.
630 3084 656 3126 et
673 3077 765 3128 Morus.
867 3073 888 3139 3)
911 3077 951 3126 De
971 3077 1061 3128 Heliou.
1085 3079 1120 3140 ej.

156 3145 262 3194 restitui.
299 3146 462 3208 ‘seperatim’
483 3145 618 3208 Ulpianum
636 3146 734 3195 diruisse
753 3146 784 3194 tie
804 3145 934 3208 leputoriis
952 3152 979 3194 et
995 3145 1078 3194 verbis
1096 3153 1121 3192 et

157 3210 271 3272 parribus
293 3213 433 3275 separatis,
454 3218 529 3276 putet
547 3227 582 3261 erc
599 3209 627 3274 3.
646 3221 680 3261 tt.
784 3209 805 3275 4)
830 3213 920 3274 utrique
943 3213 1037 3261 domino
1056 3212 1115 3272 Dip.

158 3277 255 3340 utrique
274 3293 309 3327 ecc
327 3281 431 3328 dominis
450 3281 489 3329 ed.
507 3279 601 3330 Hottw.
680 3278 700 3342 5)
720 3280 765 3328 Ito
783 3281 824 3331 ed.
842 3279 932 3328 Moms.
952 3294 987 3327 ecc
1009 3279 1036 3327 V
1038 3277 1072 3334 d„
1091 3281 1117 3327 iu

157 3359 202 3408 quo
222 3350 304 3394 tomen
323 3347 366 3394 fuit
384 3351 430 3395 est.
467 3347 559 3396 elibro
578 3349 596 3395 l.
617 3342 679 3410 resp.
699 3349 775 3396 relata
793 3348 832 3396 ed.
849 3347 938 3395 Hollw.
996 3344 1017 3407 6)
1038 3347 1116 3395 diuer-

159 3425 205 3460 sam
225 3413 361 3474 opinionem
379 3414 412 3461 ait
433 3413 493 3465 Vut.
513 3415 572 3466 edd.
611 3415 670 3464 Non
688 3422 728 3465 est
744 3417 777 3463 ait
795 3415 820 3462 iu
842 3413 869 3461 V
870 3411 892 3462 d.
971 3411 992 3475 ⁷)
1012 3411 1117 3473 Quietis

159 3481 277 3529 adrem?
313 3481 384 3542 Lepo
403 3482 514 3538 eundem,
534 3480 551 3528 ι’.
571 3497 592 3533 e.
613 3498 662 3533 uon
681 3498 716 3532 ex
731 3483 850 3544 personis
868 3481 979 3530 diuisum.
1046 3533 1047 3536 ,
