2634 3974
138 187 140 192 ’
186 185 248 236 422·
477 198 552 233 tren
570 196 774 256 revenrnssrrr.
794 185 830 234 lV.
850 186 873 236 8.

185 341 278 400 eadem
298 341 434 396 successio
455 339 627 396 transfertur.
686 337 737 396 22.
765 333 787 372 ¹⁰
795 337 918 395 deminae
940 339 972 394 ad
990 340 1155 397 hereditates

185 426 329 499 legitimas
346 424 417 480 ultra
443 417 741 498 ’consenguineoruw
769 425 962 480 successiones·
982 441 1038 484 non
1058 425 1154 482 admit·

185 517 295 567 tuntur':
317 509 399 582 idque
418 510 480 564 iure
498 508 571 564 ciuili
587 509 739 564 linconiena
757 511 866 564 ratione
886 508 995 564 uidetur
1016 509 1151 566 ellectumt

185 593 311 651 Ceterum
331 593 375 649 lec
389 609 436 650 111
456 593 608 650 tabularum
628 594 702 649 ’sine
716 593 942 650 illadlscretiene
955 607 1039 650 *sexus
1060 591 1154 666 (femie

185 677 256 750 nini)
276 670 409 752 agnatos²
429 677 553 734 admittit.
589 672 670 755 22².
695 671 839 733 ³lleminae
861 669 911 733 etsi
932 677 1004 734 ultra
1024 679 1153 736 'consau-

184 755 365 837 guineorum⁴
389 763 553 818 hereditates
573 762 606 816 ad
627 764 826 819 successionem
854 761 1001 836 legitimam
1025 779 1081 818 non
1107 763 1153 818 ad-

184 848 343 908 mittuntur,
374 848 552 920 proximitatis
577 847 679 903 ’tamen
705 848 812 902 nomine
839 845 984 902 honorum
1000 849 1153 921 possessio·

184 923 274 987 nem⁶·
287 938 381 1004 petere
401 945 456 987 non
477 930 665 1004 prohihentur.
724 928 773 988 23.
799 923 846 986 ⁰ln
868 930 1016 986 hereditate
1031 932 1153 1006 legitima

182 1016 441 1071 successiontlocus
456 1029 512 1071 non
528 1023 582 1071 est:
605 1023 632 1070 et
646 1015 708 1071 ideo
724 1015 806 1070 fratre
822 1013 984 1078 decedente,
1007 1023 1153 1089 autequam

181 1099 262 1156 adeat
287 1107 333 1156 aut
362 1099 486 1174 repudiet
517 1099 705 1163 hereditatem,
738 1099 829 1154 iratris
861 1097 930 1154 illius
961 1099 1065 1155 admitti
1095 1111 1152 1156 nort

184 1192 289 1258 potest,
316 1185 453 1259 ’quamuis
483 1176 598 1240 amisse⁷
619 1185 756 1240 successio
782 1183 940 1258 proximiori
965 1177 1151 1240 'deleratur.⁸

182 1264 231 1325 24.
256 1262 315 1323 9hh
336 1269 458 1326 hostibus
475 1277 568 1342 captus
584 1286 672 1342 neque
688 1270 729 1323 sui
745 1284 832 1341 neque
848 1268 963 1342 legitimi
985 1267 1092 1324 heredis
1108 1270 1149 1324 ius

184 1355 282 1409 amittit
301 1355 470 1426 postliminio
492 1370 628 1409 reuersus.
667 1352 745 1420 Quod
761 1361 788 1408 et
809 1353 877 1408 circa
893 1369 955 1415 eos,
973 1356 1018 1426 qui
1033 1354 1150 1409 ininsu-

182 1436 441 1510 lamd'ep'ortantur
459 1438 502 1492 uel
521 1439 598 1492 serui·
614 1455 718 1512 poenae
733 1436 825 1492 effecti
836 1445 914 1500 sunt,
941 1437 1041 1510 placuit
1057 1438 1151 1494 ohser-

182 1523 254 1582 ueri,
283 1522 306 1575 si
328 1538 378 1593 per
399 1523 493 1576 omnia·
507 1524 534 1577 in
555 1523 692 1594 integrum
713 1520 888 1596 indulgentia
909 1521 1050 1594 principali
1071 1524 1151 1578 resti·

181 1612 302 1660 tuantur.
361 1601 409 1662 25.
440 1598 525 1660 20Ρνο
552 1605 651 1660 herede
677 1620 773 1680 gerere
800 1613 848 1661 est·
862 1604 1043 1661 destinatione
1064 1599 1150 1662 icturi

177 1688 294 1743 dominii
314 1688 414 1761 aliquid
437 1705 469 1744 et
494 1689 662 1745 hereditariis
683 1689 763 1745 rebus
786 1705 925 1763 usurpare.
971 1699 999 1746 et
1020 1691 1080 1746 ideo
1096 1707 1148 1764 pro

179 1771 284 1828 herede
297 1785 393 1846 gerere
409 1773 530 1836 uidetur,
559 1775 604 1847 qui
625 1774 771 1830 fundorum
788 1775 1012 1830 hereditariorum
1028 1775 1146 1830 culturas

178 1859 355 1931 rationesque
386 1857 518 1931 disponit,
551 1866 578 1914 et
608 1862 653 1932 qui
684 1860 770 1914 seruis
802 1859 984 1921 hereditariis,
1021 1859 1178 1920 iumentis,

181 2059 250 2108 nune
266 2058 460 2121 scriptum-nisi.
496 2057 631 2122 Apparet,
651 2057 773 2120 legitimos
791 2057 899 2106 heredes
922 2059 977 2106 iure
995 2059 1062 2106 ciuili
1079 2058 1148 2106 anti-

180 2140 229 2190 quo
247 2125 361 2175 Paullum
378 2125 465 2174 dicere
487 2131 578 2174 contra
598 2125 691 2188 positis
708 2127 824 2188 legitimis
842 2124 977 2175 heredibus
1001 2131 1050 2174 tam
1067 2140 1148 2189 prue-

181 2194 242 2242 tcrii
267 2194 357 2248 edicti,
385 2208 435 2257 quo
459 2194 565 2242 nonmnc‘
583 2207 619 2241 em
645 2207 676 2240 ea
701 2193 840 2248 sententia,
868 2208 941 2257 quam
965 2192 1043 2242 Gaius
1066 2201 1093 2249 ³,
1113 2201 1146 2244 ts·

177 2262 325 2324 posteriore
344 2262 399 2310 loco
417 2260 513 2321 refert,
532 2273 616 2309 omnes
633 2261 708 2308 etium
725 2260 870 2310 remotioris
886 2261 983 2324 prades
1001 2261 1090 2323 agnou
1107 2262 1147 2310 in·

180 2328 365 2392 tellipebcntur,
384 2343 458 2392 quum
473 2331 644 2391 posteriorum
657 2329 737 2391 legum
750 2330 1054 2378 senatusueconsultorum
1071 2328 1114 2390 (L.
1129 2337 1148 2380 1.

182 2394 210 2458 8.
230 2404 256 2442 2.,
269 2395 303 2443 D.
321 2401 349 2444 ut
366 2409 401 2444 ex
419 2398 466 2458 lep.
485 2403 523 2456 st,
542 2394 587 2458 tt).
625 2395 670 2444 Ad
686 2397 742 2445 illos
761 2402 855 2444 tanturn
873 2395 918 2444 doc
935 2397 1059 2458 pertinet,
1074 2397 1151 2460 ¹qumi

179 2463 204 2511 si
221 2463 343 2524 legitimus
360 2462 435 2510 lieres
451 2463 521 2510 intra
539 2469 635 2526 tempus
652 2462 674 2512 b.
689 2464 861 2527 possessionis
875 2469 968 2511 tanturn
981 2463 1154 2514 hereditatem·

176 2529 283 2584 adierit,
302 2529 390 2579 eadem
406 2531 533 2579 successio
551 2533 567 2578 i.
582 2546 603 2580 e.
623 2529 646 2578 d.
657 2532 787 2593 possessio
805 2531 871 2579 unde
884 2531 986 2592 lepitimi
1002 2533 1039 2580 ud
1053 2531 1148 2595 prosci-

177 2610 236 2645 mos
257 2602 365 2658 apnatos
388 2597 555 2658 transfertur.
631 2595 661 2658 ¹⁰)
687 2597 741 2646 list
759 2597 942 2650 etiamOollut.
963 2605 999 2655 tt,
1018 2607 1038 2651 ³.
1064 2597 1092 2662 S.
1112 2607 1146 2653 tt.

177 2661 200 2726 i)
220 2664 408 2724 consanguineas
423 2663 485 2716 oud.
499 2665 557 2716 edd.
580 2665 641 2714 Vim
653 2665 743 2715 Uoltur.
802 2663 825 2728 ²)
845 2667 909 2715 nulla
919 2666 1066 2716 discretione
1079 2682 1147 2717 sexus

173 2737 294 2792 'cognatos
312 2731 447 2783 eductu.
475 2733 535 2782 Viri.
548 2732 638 2784 Cellct.
707 2731 729 2793 8)
749 2731 796 2782 lie
813 2749 876 2797 app.
895 2731 941 2782 ilci.
962 2742 994 2782 12.
1013 2735 1039 2782 in
1057 2736 1097 2784 etit
1111 2734 1147 2786 A.

174 2805 276 2850 ,tuntum
292 2801 319 2849 in
335 2802 506 2850 rtoterelala.
525 2800 566 2861 Os.
587 2801 644 2850 Gai.
662 2809 682 2858 3,
701 2807 734 2854 tt.
765 2801 890 2850 Fortasse
908 2802 1004 2850 murum
1021 2803 1047 2850 in
1065 2801 1143 2850 Brea.

173 2866 245 2916 ectu.
264 2869 370 2924 excidit,
389 2869 459 2918 cuius
476 2870 502 2918 in
513 2867 630 2930 interpr.
651 2866 678 2931 8.
691 2877 724 2919 tt.
745 2869 820 2918 etiem
837 2869 1047 2930 laecttepuntur:
1065 2867 1145 2917 ‘Smne

179 2936 354 2997 deficientibus
370 2938 472 2999 aprutio
488 2951 543 2986 cum
560 2937 663 3000 cognati
678 2937 829 2994 succedunt,
847 2944 955 3000 possent
971 2937 1080 3000 feminco
1091 2949 1145 2984 mem

180 3003 257 3059 uiris,
276 3019 341 3066 quae
359 3005 474 3068 aequalis
490 3005 590 3067 prmius
605 3009 672 3064 sunt,
696 3005 752 3053 iure
769 3006 928 3056 succedere)
962 3005 1023 3054 Hoc
1038 3004 1145 3060 ideirco,

179 3069 241 3133 puin
264 3075 372 3132 praetor
394 3073 421 3119 in
443 3071 491 3120 leuc
512 3073 671 3122 successione
694 3073 773 3134 lepem
790 3072 902 3122 Furiam*
915 3080 1017 3122 secutus
1038 3077 1096 3127 est..
1113 3071 1146 3120 tle

181 3137 294 3202 quuvuid.
307 3137 352 3188 Fr.
368 3137 484 3187 Vettii.
537 3135 558 3202 ⁴)
578 3140 767 3200 cousenguineas
779 3138 825 3190 Oti.
845 3139 887 3202 Of.
902 3137 929 3202 S,
940 3149 974 3188 lt:
1027 3135 1049 3203 ⁶)
1068 3147 1147 3190 tamen

179 3205 210 3254 ad
232 3207 410 3254 successionem
434 3203 499 3268 (pro
522 3213 599 3256 temen
623 3221 686 3257 nom.
709 3207 732 3258 b.
757 3207 918 3270 psessionem)
942 3205 996 3259 Ort*
1059 3206 1145 3276 ⁸),0f-

182 3272 237 3325 [ici.
250 3280 270 3332 st
285 3281 319 3322 tlt
330 3282 364 3326 222
377 3281 409 3324 28.
432 3273 489 3338 Ulp.
502 3282 535 3336 te,
549 3285 569 3324 t.
628 3273 649 3339 ⁷)
669 3277 724 3339 quis
743 3271 811 3338 (pro
823 3273 885 3339 duis)
906 3276 994 3324 omissa
1012 3277 1052 3327 uel
1068 3273 1153 3326 omnis

182 3339 246 3390 Cdd;
263 3342 332 3390 edd.¹
393 3339 413 3403 Β)
434 3341 538 3392 delertur
561 3341 625 3394 adu.
645 3343 706 3392 edd.
775 3341 795 3404 9)
820 3342 861 3404 Of.
881 3344 914 3395 L.
935 3351 953 3391 l.
977 3340 1005 3405 St
1023 3351 1044 3393 e.
1073 3343 1107 3392 L.
1125 3351 1147 3394 2t

180 3406 213 3454 D.
234 3409 266 3456 ue
284 3407 317 3456 B.
333 3409 363 3461 P.
376 3408 405 3460 0.
423 3407 450 3457 Τ.
472 3406 515 3470 (er,
534 3406 567 3471 r).
585 3410 618 3460 L.
633 3418 653 3458 1.
673 3407 701 3472 3.
714 3417 735 3460 4.
753 3410 786 3461 D.
807 3409 907 3459 aet-So.
925 3409 1029 3459 Tertius
1043 3409 1086 3472 (ss,
1101 3409 1146 3474 to).

173 3471 213 3535 eo)
232 3473 273 3537 (tf.
295 3475 351 3524 eat.
371 3485 391 3535 2,
411 3483 456 3525 tos.
487 3475 519 3530 L.
537 3485 571 3524 eo.
589 3476 624 3528 ll.
640 3477 673 3526 ue
690 3491 748 3540 aeq.
767 3493 789 3526 υ.
809 3478 888 3525 omitt.
905 3475 961 3526 ter.
981 3476 1078 3562 (ee,·2).
