2634 3960
328 195 441 228 nourru
461 193 577 230 verreria
595 193 698 231 saecu.
718 182 787 230 xxti.
807 183 931 234 20—2te.
1062 187 1113 234 508

142 344 264 392 nostram
285 345 445 399 nascautur,
473 353 505 391 ex
526 338 586 392 iure
608 337 694 399 ciuili;
722 338 745 390 si
767 353 834 392 uero
851 337 1005 393 uiuentibus
1023 338 1109 403 uoltis,

140 438 175 475 ex
192 419 254 493 lege
270 420 368 476 ’iunia
379 412 418 454 ³²⁵

131 547 138 554 .
207 500 258 562 20.
282 503 378 567 Filius,
401 506 489 577 quiin
505 511 639 577 potestate
655 513 711 567 est,
734 505 756 559 si
778 522 833 560 uon
848 507 1006 561 instituatur
1021 507 1109 570 heres,

141 590 302 644 nominatim
327 588 484 644 exheredari
511 588 603 650 debet;
634 589 731 662 reliqui
761 592 803 644 sui
828 589 940 650 heredes
968 592 1110 664 utriusque

140 689 224 728 sexus
246 680 292 727 aut
311 673 469 729 nominatim
490 680 535 727 aut
554 675 627 728 inter
642 680 757 729 ceteros.
812 668 854 729 21.
878 673 1022 744 Postumus
1039 674 1110 730 iilius

144 757 300 812 nominatim
322 755 526 812 exheredandus
543 764 597 818 est;
625 755 679 812 iilia
693 766 819 831 postuma
834 767 1000 831 ceteraeque
1015 768 1111 831 postu·

144 855 202 894 mae
217 840 332 895 ierniuae
348 839 392 895 uel
407 842 565 896 nominatim
580 841 624 896 uel
641 842 712 896 iuter
732 849 852 903 ceteros:
879 841 1023 898 dummodo
1040 844 1111 898 iuter

81 985 89 998 κ
140 932 251 978 ceteros
266 923 436 979 exheredatis
452 924 552 997 aliquid
568 925 686 998 legetur.
731 923 781 982 22.
798 925 916 997 Nepotes
932 934 959 980 et
974 943 1110 999 pronepo-

144 1015 185 1062 tes
212 1009 349 1080 ceterique
375 1008 485 1063 masculi
510 1011 629 1081 postumi
655 1016 763 1080 praeter
784 1007 869 1064 filium
889 1009 933 1064 uei
954 1011 1111 1066 nominatim

146 1091 189 1146 uel
209 1093 281 1149 iuter
299 1099 405 1147 ceteros
421 1109 482 1147 cum
497 1091 647 1148 adiectione
662 1092 746 1165 legati
761 1101 825 1147 suut
841 1093 1035 1155 euheredaudi;
1063 1095 1110 1158 sed

143 1178 231 1231 tutius
253 1184 294 1231 est
315 1184 404 1231 tamea
426 1174 583 1232 nomihatim
604 1192 651 1231 eos
667 1175 836 1238 exheredari:
863 1184 891 1230 et
905 1176 933 1232 id
949 1177 1110 1233 obseruator

145 1253 263 1334 magist

209 1341 257 1400 23.
292 1337 503 1416 6Emancipa'tos
530 1345 630 1400 liberos
657 1345 820 1417 ’utriusque
842 1338 954 1401 sccaus⁷
981 1349 1106 1418 quamuis
1116 1355 1210 1421 rttttbti

145 1428 206 1482 iure
227 1429 300 1483 ciuili
321 1445 410 1500 neque
431 1427 544 1483 heredes
558 1430 701 1483 instituere
718 1445 805 1502 neque
821 1429 984 1484 exheredare
999 1447 1112 1486 necesse

53 1535 57 1544 ·
143 1512 197 1571 sit,
213 1518 303 1566 tamen
317 1521 426 1584 praetor
441 1511 531 1575 iubet.
548 1515 571 1567 si
586 1530 641 1568 nou
656 1514 833 1568 instituantur
848 1513 976 1575 heredes,
1001 1515 1112 1570 exhere-

124 1627 127 1632 Δ
144 1594 216 1657 dari,
232 1597 364 1652 masculos
381 1613 474 1652 omues
490 1598 659 1660 nominatim,
675 1597 786 1653 feminas
803 1590 883 1651 ’uoti
905 1599 975 1653 inter
991 1608 1110 1660 ceteros:

147 1678 266 1753 alioquin
281 1690 376 1736 contra
389 1679 493 1736 tabulas
509 1680 644 1738 bonorum
658 1683 858 1754 possessionem
874 1683 912 1736 eis
929 1682 1083 1754 pollicetur.

209 1760 259 1820 24.
283 1757 376 1819 9luter
396 1767 564 1821 necessarios
587 1766 714 1828 heredes,
736 1765 762 1820 id
785 1773 826 1820 est
844 1781 940 1821 seruos
955 1783 1016 1820 cum
1032 1767 1112 1821 liher-

145 1856 200 1904 tate
216 1847 330 1903 heredes
346 1851 472 1920 scriptos,
489 1857 515 1903 et
531 1865 596 1904 suos
613 1856 641 1904 et
652 1850 828 1911 necessarios,
845 1849 871 1901 id
885 1856 927 1902 est
939 1847 1048 1910 liberos,
1066 1850 1112 1921 qui

144 1932 174 1984 iu
189 1939 324 2002 potestate
340 1941 418 1994 suot,
434 1935 493 1987 iure
509 1934 581 1987 ciuili
597 1933 663 1987 nihil
679 1928 807 1987 interest:
830 1947 890 1986 naui
908 1932 1015 2004 utrique
1031 1933 1112 1987 etiam

144 2013 224 2066 inuiti
251 2014 363 2068 heredes
391 2023 464 2070 sunt.
516 2015 563 2070 sed
590 2018 648 2070 iure
668 2016 805 2088 praetorio
827 2015 883 2069 suis
905 2023 932 2068 et
954 2017 1112 2070 necessariis

147 2096 292 2152 heredibus
313 2097 447 2153 abstinere
468 2114 497 2153 se
518 2115 533 2152 a
553 2104 672 2171 parentis
694 2098 843 2153 hereditate
858 2100 1038 2169 permittitur;
1054 2116 1113 2171 irre·

145 2181 269 2236 cessariis
300 2188 389 2236 autem
415 2189 523 2236 tautum
551 2181 695 2236 heredibus
725 2180 875 2236 abstinendi
907 2189 1028 2253 potestas
1058 2199 1113 2238 uon

145 2265 235 2320 datur.
294 2261 363 2321 24³.
387 2258 598 2338 ³³⁰hiancipatos
618 2264 717 2320 liberos
742 2266 779 2320 ab
801 2281 848 2335 eo,
877 2269 1011 2322 catusio
1032 2286 1112 2324 mon·

145 2448 206 2495 edd.
277 2446 320 2509 ³²⁵)
339 2447 396 2496 iulia
419 2446 480 2495 Vah
498 2451 525 2494 ut
544 2444 607 2494 cdd.
626 2441 654 2508 S.
672 2455 692 2494 2.
710 2445 736 2494 I.
755 2442 787 2495 de
805 2445 928 2498 exhered.
948 2445 978 2508 (t.
999 2446 1043 2508 13).
1072 2447 1113 2510 Os.

147 2513 272 2563 Momeen.
292 2517 318 2563 in
329 2513 419 2562 Jahrb.
439 2515 464 2562 d.
481 2529 546 2576 pem,
560 2513 653 2562 Rechts
671 2512 712 2564 II.
730 2529 757 2576 p.
770 2521 816 2562 338.
841 2512 895 2563 Sed
911 2521 1030 2577 praestat
1047 2529 1112 2564 coes.

146 2597 172 2629 α.
190 2589 224 2630 27.
249 2583 326 2644 iepem
348 2581 448 2630 Ioniam
474 2581 604 2630 Veliaeam
627 2582 755 2645 aesipnuri
775 2595 851 2644 poete
875 2597 947 2645 poam
974 2583 1000 2630 io
1023 2583 1114 2632 tatibus

147 2646 223 2696 rebus
240 2651 315 2697 matis·
329 2650 404 2700 codd.
419 2642 496 2712 fi'dem
512 2647 613 2698 hahere.
648 2649 688 2697 De
710 2651 765 2711 lepe
783 2649 923 2698 certissime
945 2649 989 2698 suh
1012 2649 1114 2699 Tiberio

147 2717 202 2764 teta
219 2715 254 2778 ef.
276 2716 332 2766 Gai.
351 2726 369 2772 t,
390 2725 434 2766 rac.
487 2715 508 2780 8)
529 2716 571 2778 Oh
591 2716 647 2764 Gai.
666 2725 686 2776 a,
707 2724 753 2772 tac.
773 2723 819 2768 ma.
847 2714 874 2778 s.
888 2725 908 2767 a.
926 2717 952 2764 I.
972 2719 1003 2766 de
1022 2719 1112 2766 exter.

145 2782 190 2833 tit.
210 2781 240 2845 (2,
259 2785 303 2845 13).
356 2783 377 2848 ⁷)
396 2783 441 2833 Ita
458 2785 576 2848 supplevi
593 2786 707 2832 lacunam
724 2785 751 2832 in
772 2783 832 2832 Vat.
851 2786 956 2832 circiter
974 2785 1115 2847 quindecim

145 2852 298 2912 litterarum,
318 2853 349 2900 de
368 2868 417 2916 quo
434 2853 483 2902 eid.
503 2857 556 2904 not.
570 2860 615 2900 330.
668 2848 691 2915 8)
709 2851 726 2902 i.
739 2865 761 2899 e.
781 2851 863 2907 etiam,
881 2853 978 2908 saltem,
996 2857 1024 2898 ut
1041 2859 1074 2911 et,
1092 2860 1113 2900 t.

147 2925 173 2966 et
192 2920 258 2968 eliac
276 2934 363 2981 coepe.
415 2917 439 2980 ⁹)
458 2919 499 2980 Of.
515 2919 571 2969 eat.
585 2928 605 2975 t,
618 2927 665 2966 153.
678 2926 723 2966 tad.
739 2926 784 2966 16⁰.
803 2915 850 2979 33.
866 2927 883 2968 t.
897 2926 918 2967 t.
937 2917 961 2968 Ι.
976 2919 1008 2966 de
1025 2918 1114 2968 hereti.

127 2990 217 3048 .quat.
238 2985 267 3047 (t,
287 2985 331 3049 19).
402 2984 446 3047 ³³⁰)
464 2986 542 3036 Hane
560 2983 618 3049 Sum
635 2986 728 3034 addidi
744 2998 790 3034 nee
807 2986 835 3032 id
853 2991 946 3034 temere
961 2985 1023 3046 feci.
1059 2985 1116 3034 Eac-

148 3053 241 3102 cidiece
260 3056 325 3102 enim
342 3053 382 3102 hie
399 3056 556 3110 sementim,
575 3069 640 3118 quae
658 3053 835 3108 desideratur,
860 3053 892 3100 de
909 3054 1051 3116 mancipato
1071 3068 1114 3102 ne*

149 3121 265 3168 cessario
280 3122 375 3170 herede
396 3119 613 3184 (=Gai.2‚160),
632 3120 791 3181 manifestum
808 3121 834 3167 in
852 3121 908 3182 ipso
925 3119 984 3168 Vct.
997 3126 1116 3183 superest

148 3185 276 3246 veetipium
294 3190 320 3235 in
337 3196 370 3244 aa,
389 3197 421 3238 ²3.
440 3189 521 3245 initio,
541 3189 609 3251 quod
625 3190 663 3236 cic
679 3186 716 3235 ihi
731 3193 904 3251 comparatum
922 3194 974 3236 eet:
992 3189 1115 3249 mancipa-

149 3259 186 3300 tos
204 3251 292 3301 liberos
312 3288 574 3308 ...........
594 3257 633 3318 qui
652 3255 676 3303 iu
695 3269 721 3303 re
740 3255 806 3304 ciuili
825 3261 872 3302 ete.
903 3253 975 3303 Unde
994 3255 1057 3302 enim
1076 3254 1116 3300 hic

121 3347 124 3355 ι
148 3319 244 3367 error?
278 3321 400 3369 Nimirum
418 3323 483 3371 duae
501 3322 644 3371 sententiae
659 3337 742 3401 pparao
760 3323 844 3385 spatio
868 3322 993 3369 distantes
1010 3313 1117 3381 incipie-

147 3385 209 3434 bant
227 3388 311 3435 oltera
329 3387 498 3451 Emancipatos
521 3389 610 3438 liberos
635 3396 756 3452 utriusque
778 3403 846 3436 sexus
868 3385 920 3450 duis
943 3389 994 3437 iure
1014 3397 1018 3439 t
1039 3387 1115 3444 ciuiii,

146 3455 232 3502 altera
250 3455 397 3518 hiaocipatcs
415 3457 503 3505 liberos
521 3457 550 3505 ab
569 3473 597 3506 eo
616 3460 636 3505 c'
650 3458 675 3506 in
693 3457 783 3520 mcipto
803 3453 819 3504 s'
834 3457 860 3503 it.
880 3456 919 3518 qui
937 3455 962 3503 iu
979 3469 1005 3504 re
1025 3458 1028 3511 Ι
1049 3469 1116 3503 mau-
