2634 3960
196 159 246 206 55l
383 138 446 208 nos.
466 171 501 207 sa
512 135 584 211 ¹uon.
607 173 703 208 nsovn
722 173 839 211 concur.
860 161 887 208 ll.
913 161 985 208 1-4.
1000 156 1016 224 ,l
1048 181 1055 191 ·

195 315 236 369 nis
249 313 390 370 occidendi
409 331 488 370 causa
510 324 627 391 portare.
664 309 692 370 2.
717 315 775 369 Tell
797 323 886 369 autem
909 315 1091 387 appellatione
1107 331 1166 372 non

195 406 298 453 tontum
313 399 413 454 ferrum
428 402 593 462 continetur,
609 400 658 454 sed
674 415 762 461 omne,
777 399 850 471 quod
865 399 982 454 nocendi
1004 416 1084 454 causa
1098 416 1166 474 por-

195 490 282 537 tatum
298 490 348 538 est.
418 503 420 505 ·

217 585 221 594 ’
263 580 365 644 Explicit
384 583 463 630 titulus
482 583 511 631 de
529 583 624 631 sicariis
644 589 667 630 ct
685 581 822 638 homicidis,
844 595 900 628 casu
919 583 956 630 uel
975 583 1109 639 uoluntate.

624 747 735 784 INCIPIT

426 819 500 892 (rm.
518 819 565 894 11.)
594 841 637 878 on
653 837 772 878 noeoor
786 837 919 878 rursum.

258 922 322 994 llap.
340 923 360 976 Ι.
393 921 526 994 Moyses
550 915 670 983 ulcitz¹
710 920 734 977 l.
753 921 780 977 Si
796 930 885 977 autem
898 921 1091 978 contenderint
1107 923 1163 978 duo

195 1009 261 1069 uiri,
284 1014 311 1062 et
333 1007 496 1080 percusserit
512 1006 580 1062 alter
600 1008 716 1063 alterum
738 1006 835 1078 lapide,
852 1014 898 1061 ant
914 1018 1023 1080 pugno,
1052 1015 1081 1062 et
1107 1023 1165 1062 non

194 1092 276 1146 luerit
291 1100 424 1152 mortuus,
442 1091 599 1146 decubuerit
615 1100 703 1146 autem
720 1090 878 1152 inlectulo,
909 1089 938 1150 2.
957 1099 984 1146 et
1000 1093 1022 1145 si
1045 1107 1165 1165 surgens

196 1175 371 1231 ambulauerit
386 1176 467 1231 homo
490 1175 567 1230 sortis
583 1178 611 1231 in
626 1175 721 1231 baculo
739 1192 805 1230 suo:
827 1177 884 1231 siue
907 1177 1018 1230 crimine
1039 1176 1092 1230 erit
1107 1175 1163 1238 ille,

196 1262 241 1333 qui
262 1277 323 1315 eum
345 1268 529 1334 percusserat,
557 1261 761 1333 'praeterquam
788 1253 881 1332 quod²
912 1261 1071 1314 cessationis
1102 1262 1164 1314 eius

196 1345 347 1400 mercedem
363 1344 437 1398 dabit
452 1345 476 1400 ei
492 1352 518 1399 et
534 1345 638 1400 medico
655 1347 782 1417 inpensas
798 1346 956 1400 curationis.

187 1419 189 1422 ’
259 1429 323 1501 llep.
356 1429 386 1483 ll.
429 1427 600 1501 Ulpianus
625 1429 717 1485 libro
747 1428 922 1502 singulari
952 1428 1158 1502 regularum
1233 1459 1241 1472 ·

196 1511 257 1568 suh
273 1512 381 1567 titulo
405 1512 444 1566 de
464 1513 616 1568 iniuriis.
659 1513 683 1570 1.
701 1506 870 1574 'lniuriam,³
897 1515 919 1568 si
942 1513 1050 1586 quidem
1065 1522 1158 1576 atrox,

194 1598 221 1652 id
247 1596 306 1651 est’
326 1597 417 1670 grauis
437 1613 492 1652 non
514 1591 579 1660 sit‚⁴
608 1614 663 1652 non
686 1599 743 1660 sine
773 1597 868 1652 iudicis
890 1595 1000 1652 arbitrio
1023 1597 1162 1652 'aestimat

195 1674 301 1736 actor.5
331 1682 457 1736 Atrocem
473 1689 562 1736 autem
578 1683 717 1737 aestimare
733 1681 820 1736 ’solet
836 1675 978 1754 praetem6
995 1681 1160 1753 ’atque-col-

195 1767 256 1839 ligit
278 1759 366 1820 idex⁷
383 1765 468 1828 lacto,
492 1775 522 1820 ut
545 1773 612 1837 puta
627 1768 648 1820 si
666 1765 823 1820 uerberatos
846 1767 889 1820 nel
918 1765 1076 1820 uulneratus
1099 1767 1162 1839 quis

196 1851 286 1906 fuerit.
318 1850 516 1922 Etreliqna.

258 1935 324 2008 llap.
359 1935 400 1989 lll.
441 1933 649 2007 Papinianus
688 1934 778 1989 libro
822 1932 1161 2000 definitionumse-

196 2019 305 2076 cundo
327 2019 388 2074 sub
409 2019 517 2073 titulo
539 2018 578 2072 de
599 2018 774 2074 indicatis.
815 2017 840 2074 1.
870 2019 921 2073 Per
936 2020 1073 2074 hominem
1094 2017 1161 2074 libe·

194 2123 254 2160 rum
270 2121 355 2159 noxae
370 2101 491 2157 deditum
514 2104 657 2158 sitantum
673 2103 836 2176 adquisitum
852 2105 901 2164 sit,
924 2111 1054 2175 quantum
1070 2103 1159 2158 damni

196 2189 282 2250 dedit,
306 2188 496 2243 manumittere
517 2186 656 2260 cogendus
679 2196 721 2242 est
736 2204 750 2241 a
765 2195 904 2260 praetore,
922 2189 966 2260 qni
984 2203 1070 2242 noxae
1085 2187 1159 2242 dedi-

194 2282 253 2330 tum
268 2273 384 2344 accepit:
401 2271 448 2326 sed
461 2269 573 2326 fiduciae
588 2271 687 2326 iudicio
704 2289 759 2327 non
774 2264 915 2326 tenetur.8

259 2357 323 2430 llap.
357 2356 399 2410 lV.
438 2350 625 2428 ⁹Ulpianus
652 2354 743 2411 lihro
776 2371 888 2414 xvrrr.
935 2356 974 2410 ad
1006 2356 1161 2412 edictum

194 2441 256 2496 snb
278 2439 400 2495 titulo:
436 2441 465 2494 si
487 2437 660 2495 fatebitur
687 2442 814 2496 iniuria
836 2441 986 2496 occisum
1013 2457 1104 2502 esse,
1127 2442 1161 2496 in

194 2524 354 2596 simplum
375 2522 425 2577 ’ut
447 2523 659 2580 condiceret.
671 2519 694 2558 ¹⁰
735 2522 759 2579 1.
782 2525 898 2600 Rupisse
919 2523 980 2580 e'unr
1001 2526 1098 2597 unque
1119 2541 1162 2580 ac·

264 2705 282 2769 ¹)
303 2708 390 2759 Ercod.
410 2718 443 2763 21.
463 2717 495 2760 18.
515 2716 548 2756 19.
652 2705 674 2769 ²)
693 2717 833 2770 praeterae
854 2707 930 2764 cdd„
956 2708 1024 2772 qnod
1041 2709 1111 2764 oIt'm,
1135 2715 1162 2756 ut

192 2783 267 2840 puto.
286 2784 358 2825 erat:
378 2784 496 2840 praeterq.
517 2789 545 2842 q.
582 2774 625 2823 BI.
645 2776 700 2824 ed:
719 2783 848 2838 praeterea.
952 2771 976 2838 3)
995 2777 1096 2824 iniurias
1119 2776 1159 2822 Vl.

195 2845 282 2893 iniuria
301 2844 334 2892 B.
359 2845 406 2896 Vc,
426 2845 466 2894 ed.
484 2841 528 2894 Bt.
610 2840 630 2905 4)
651 2845 716 2902 graui
737 2857 815 2891 rerum
834 2842 866 2892 B.
895 2844 974 2902 grauis
994 2851 1029 2890 est
1051 2843 1096 2893 Ve.
1119 2843 1160 2894 Vi.

194 2914 234 2960 ed.
253 2911 295 2958 Β).
334 2911 373 2970 Of.
394 2911 449 2960 Gai.
469 2918 488 2966 3,
508 2919 554 2961 224.
640 2907 661 2973 ⁵)
682 2909 855 2961 estimatur-B.
878 2907 915 2972 (in
934 2926 982 2974 qno
1004 2910 1062 2971 fere
1084 2911 1160 2956 etiam

195 2980 333 3026 extimaclnr
351 2980 400 3040 lepr'
417 2978 513 3040 potest)
537 2978 583 3028 Vc.
611 2979 749 3027 aestimatur
771 2978 812 3025 Vr.
832 2979 890 3028 edd.
961 2977 982 3039 6)
1002 2979 1158 3038 sclereprae-

195 3054 269 3094 torem
289 3045 354 3095 cod.
372 3046 432 3095 edd.
506 3047 526 3106 7)
547 3048 622 3110 adque
641 3048 722 3106 colligi
742 3061 768 3093 er
786 3043 820 3097 B,
859 3047 928 3108 idque
947 3045 1049 3105 collegit.
1074 3051 1097 3091 et
1117 3043 1159 3091 Vi.

195 3115 266 3175 idque
283 3113 374 3172 colligit
391 3128 417 3161 ex
440 3113 487 3166 Vc.
516 3117 587 3178 idque
605 3115 685 3172 colligi
705 3128 732 3162 ex
749 3113 810 3162 cdd.
856 3109 882 3177 a)
903 3111 967 3172 Quia
985 3128 1035 3162 non
1051 3113 1161 3174 fiduciae

195 3195 274 3230 caasa
297 3177 341 3240 (L.
360 3189 381 3232 4,
407 3180 433 3244 3.
453 3190 486 3229 25.
512 3182 538 3230 0.
564 3183 595 3230 de
618 3181 674 3230 bon.
699 3180 825 3243 ilberto,
844 3182 880 3242 4),
904 3181 953 3229 sed
972 3181 1082 3243 proprio
1105 3181 1161 3228 iure

195 3247 324 3297 habendus
343 3249 368 3296 ei
384 3254 542 3312 mancipatus
560 3257 606 3296 esc.
645 3248 684 3310 Cf.
706 3248 760 3299 Gai.
783 3257 868 3306 4,14θ.
895 3257 916 3302 4,
935 3257 968 3296 75.
988 3257 1021 3298 79.
1049 3246 1160 3309 8141.

195 3317 227 3364 de
245 3332 306 3366 nom.
325 3323 375 3368 act.
395 3314 431 3379 (4,
451 3315 486 3378 8).
561 3313 582 3377 9)
607 3315 657 3364 Est
674 3317 708 3364 L.
728 3326 760 3362 ti,
786 3315 811 3377 8.
833 3326 865 3367 17.
890 3315 922 3362 D.
947 3316 983 3363 ad
1004 3317 1051 3378 lep.
1071 3315 1159 3378 Apoll.

196 3383 227 3441 (9,
247 3383 278 3442 a).
350 3381 381 3444 ¹⁰)
401 3392 422 3431 et
441 3397 494 3430 oum
514 3385 604 3432 diceret
617 3382 709 3444 (dicere
725 3381 778 3445 Vi.)
794 3383 856 3432 ond.
870 3384 928 3432 edd.
961 3382 1020 3431 Vid.
1036 3382 1160 3431 Zeilsclrr.

194 3449 281 3501 XIII.
298 3445 372 3512 pal.
397 3450 475 3498 Adde
493 3451 526 3498 L.
541 3459 574 3500 28.
593 3450 626 3498 D.
645 3453 681 3500 ad
697 3454 745 3514 lep.
759 3450 810 3498 lut.
830 3452 861 3499 de
879 3451 959 3497 adult.
979 3450 1022 3511 (48,
1036 3449 1068 3514 5).
1093 3449 1161 3499 For·
