2634 3960
221 170 271 218 572
403 181 466 216 uos.
486 181 520 216 nr
540 181 604 217 uon.
625 181 721 216 uncum
740 131 856 216 donula.
878 165 913 216 l'l.
933 168 957 219 6.
976 167 999 216 l.

286 321 352 396 llap.
374 323 415 378 Vl.
461 322 673 395 Papinianus
704 321 795 377 libro
821 323 997 398 singulari
1027 322 1065 376 de
1095 322 1197 378 adul·
1255 361 1261 372 .

223 409 335 463 teriis.
365 404 389 464 1.
419 404 488 473 ‘Qut
503 407 607 462 sororis
622 405 703 462 liliam
720 422 832 462 uxorem
855 407 968 462 duxerat
989 423 1038 480 per
1059 423 1195 469 errorem,

222 500 366 564 autequam
388 493 627 566 praeueniretura
650 491 786 554 delatore,
809 489 915 548 diremit
938 493 1052 546 coitum:
1077 507 1193 565 quaero,

222 593 255 634 an
271 576 359 632 adhuc
374 577 462 650 possit
477 575 632 632 accusaril'
661 574 824 649 Respondit:
842 577 880 640 ei,
899 576 945 650 qui
966 577 1126 631 coniunctae
1147 585 1195 631 so²

220 663 290 720 roris
323 659 392 716 iiliae
424 659 493 716 bona
524 658 577 715 ide
604 659 747 723 abstinuit,
769 677 882 732 poenam
904 661 1005 716 remitti
1025 660 1112 733 palam
1134 667 1194 716 cst:

223 747 285 818 quia
301 746 348 818 qui
369 761 462 800 errore
478 745 590 818 cognito
606 745 714 800 diremit
733 745 849 808 coitum,
873 745 993 800 creditur
1013 746 1071 800 eius
1093 744 1194 800 uoluu-

221 831 284 885 tatis
300 829 393 891 luisse,
410 838 440 884 ut
456 830 479 883 si
494 829 635 884 scisset-sc
650 831 677 884 in
693 846 726 884 eo
741 829 947 886 necessitudinis
959 829 1045 903 gradu
1060 828 1193 902 positum,

225 930 281 968 non
297 913 394 968 luisset
410 913 463 968 tale
479 914 678 968 matrimonium
695 906 915 987 copulaturus.⁴³

283 996 349 1072 llap.
383 998 434 1052 Vll.
466 996 717 1070 ldcm(ipitur)
751 992 950 1053 dicitur⁴iu
973 1015 1044 1060 eos,
1068 999 1194 1071 quiin-

221 1089 345 1138 cestas
373 1083 513 1155 nuptias
539 1089 802 1138 contraxerunt.
852 1081 1031 1137 Maledicti
1061 1077 1193 1138 tamen⁵

221 1173 301 1222 suut
331 1183 446 1222 omncs
473 1168 602 1223 incesti
625 1183 692 1240 per
717 1167 841 1240 legem,
873 1166 1075 1222 cumadhuc
1095 1166 1194 1222 rudi·

219 1250 283 1308 bus
310 1252 452 1325 populis
487 1267 524 1305 ex
551 1243 670 1306 diuino
696 1258 781 1306 nutu
808 1250 949 1306 condita
974 1251 1098 1306 iisdem
1134 1251 1193 1306 ad·

220 1335 478 1409 stipulantibus
506 1337 713 1392 sanciretur.
745 1344 778 1390 et
800 1337 921 1408 utique
943 1351 1059 1391 omnes
1086 1335 1193 1390 male·

220 1419 307 1476 dicti
335 1421 450 1492 puniti
479 1427 571 1480 sunt,
604 1437 689 1492 quos
720 1419 838 1474 diuina
867 1428 901 1475 et
936 1421 1081 1475 humana
1111 1437 1192 1476 sen-

221 1505 331 1558 tentia
365 1519 517 1558 consona
547 1519 632 1558 uoce
661 1503 846 1560 damnauit.
892 1503 956 1559 Lex
993 1504 1111 1559 diuina
1141 1505 1193 1559 sic

221 1580 338 1640 dicit:6
362 1585 386 1642 1.
411 1585 582 1651 Maledictus,
600 1588 728 1660 inquit,
750 1587 816 1643 dixit
837 1587 957 1661 Moyses,
975 1590 1021 1662 qui
1036 1587 1192 1644 concubue-

220 1672 256 1728 rit
276 1686 338 1726 cum
359 1686 443 1726 uxore
467 1672 550 1742 putris
573 1674 630 1734 sui;
654 1681 681 1727 et
702 1672 766 1727 dicit
782 1674 868 1728 omnis
893 1663 1026 1746 populus:
1053 1671 1108 1735 liat,
1132 1671 1189 1728 liat.

220 1751 250 1812 22
268 1752 423 1810 Maledictus
432 1781 443 1818 ,Α
457 1757 503 1828 qui
518 1756 696 1812 concubuerit
711 1771 771 1813 cum
794 1773 890 1812 sorore
911 1774 960 1812 sua
985 1756 1019 1813 dc
1040 1766 1116 1831 patre
1142 1765 1190 1812 aut

219 1840 252 1896 de
273 1847 375 1903 matre;
398 1848 425 1895 et
447 1839 511 1894 dicit
533 1842 620 1896 omnis
635 1841 768 1915 populus:
795 1839 926 1905 tiatsfiat.
972 1839 1001 1898 3.
1023 1841 1190 1902 Maledictus.

219 1927 266 1997 qui
286 1923 463 1980 concubuerit
485 1939 547 1980 cum·
568 1943 639 1982 nuru
654 1943 717 1988 sua;
746 1934 774 1981 et
794 1924 858 1981 dicit
880 1926 967 1982 omnis
983 1927 1116 2000 populus:
1132 1923 1188 1990 liat,

218 2007 274 2065 liat.
307 2008 335 2064 t.
360 2007 526 2073 Maledictus,
544 2012 590 2084 qui
606 2008 784 2066 concubuerit
805 2025 866 2065 cum
882 2017 964 2066 socru
986 2027 1048 2074 sua;
1071 2017 1098 2066 et
1123 2010 1190 2066 dicit

218 2095 305 2150 omnis
331 2093 465 2167 populus:
496 2091 556 2159 fiat,
579 2093 633 2150 fiat.
678 2091 706 2154 ἃ
736 2093 907 2157 Maledictus,
936 2096 983 2166 qui
1013 2093 1192 2151 concubuerit

219 2196 278 2234 cum
296 2195 393 2234 sorore
407 2180 491 2251 patris
507 2181 564 2241 sui;
595 2189 623 2234 et
643 2179 709 2236 dicit
731 2179 818 2234 omnis
839 2179 972 2254 populus:
995 2177 1054 2243 fiat,
1072 2179 1126 2235 liat.
1157 2176 1186 2235 6.

217 2263 387 2325 Maledictus,
416 2264 462 2334 qui
483 2263 661 2319 concubuerit
682 2280 741 2319 cum
763 2279 858 2319 sorore
874 2265 966 2319 matris
982 2281 1059 2327 suae;
1082 2272 1109 2322 ct
1125 2263 1190 2320 dicit

215 2413 384 2423 --.--—--

216 2520 262 2562 ttt.
282 2520 327 2560 288.
347 2529 364 2561 a
382 2511 441 2562 libri
458 2513 542 2576 aliquo
552 2527 704 2576 possessore
715 2515 859 2578 profectum
872 2529 928 2564 esee
939 2515 1046 2568 videtur.
1072 2512 1188 2563 Ceterum

217 2582 243 2629 in
266 2594 296 2629 eo
319 2595 369 2643 pro
393 2595 452 2644 quae
474 2581 556 2629 aialim
581 2583 605 2630 iu
628 2597 684 2646 quo.
772 2580 805 2644 ⁴³)
831 2581 871 2644 Cf.
898 2582 932 2630 L.
950 2589 985 2633 38.
1007 2578 1055 2644 88.
1075 2591 1095 2630 t.
1115 2591 1134 2633 tt.
1155 2579 1188 2630 b.

218 2647 253 2696 ud
273 2649 321 2711 lep,
340 2645 392 2697 Iul.
411 2649 442 2697 de
460 2649 540 2700 adult.
561 2645 603 2711 (tu,
624 2648 656 2714 5).
733 2647 759 2711 ¹⁴)
779 2649 822 2701 Se.
841 2652 895 2712 lepc
913 2649 964 2698 Dei
981 2655 1006 2697 et
1024 2649 1119 2712 lepidus
1136 2649 1188 2700 ao-

216 2716 311 2770 mcmt'sr
329 2716 395 2765 tende
413 2730 474 2766 voce
492 2717 564 2776 igitur
582 2719 669 2766 careri
686 2732 735 2766 non
752 2723 865 2780 poterut,
888 2731 952 2781 qnae
970 2731 1000 2765 eo
1016 2716 1120 2778 facilius
1141 2732 1188 2766 cx·

218 2783 305 2832 cidere
321 2785 417 2848 potuit,
436 2785 460 2832 si
478 2785 511 2832 id.
531 2785 602 2845 igitur
620 2788 743 2847 seriptum
759 2785 842 2846 fuisse
857 2785 983 2846 ponimus.
1088 2781 1109 2848 δ)
1129 2784 1189 2833 Hoc

216 2853 292 2900 dicit:
310 2867 345 2902 ex
363 2855 417 2915 depe
436 2867 458 2900 c.
475 2861 493 2903 t.
514 2855 600 2902 relata
615 2853 762 2916 putaveris,
782 2854 837 2913 Iepe
856 2853 941 2900 diuina
960 2853 1080 2916 quosdam
1093 2857 1188 2901 tantum

216 2921 308 2968 incesti
329 2934 388 2968 reos
410 2921 514 2982 punitor
538 2935 608 2974 esee,·
634 2921 683 2970 ced
709 2921 759 2968 alio
786 2921 841 2968 loco
869 2933 953 2968 omnes
979 2919 1108 2968 maledicti
1130 2926 1188 2968 eunt

216 2999 297 3050 eaque
316 2988 466 3043 maledictio,
486 3003 560 3052 quum
576 3003 662 3050 poeno
680 3001 782 3048 semper
798 2981 960 3050 sequebatur,
979 3002 995 3035 a
1007 2988 1062 3036 iure
1074 2986 1187 3036 Romano

217 3061 311 3102 tantum
329 3056 461 3104 sanciendi
477 3057 551 3105 modo
571 3051 698 3109 distabat:
716 3068 796 3117 neque
815 3056 879 3103 enim
901 3056 970 3104 solue
993 3056 1137 3118 legislator,
1161 3061 1189 3102 ut

217 3136 282 3170 nunc
300 3123 448 3186 imperator,
469 3125 517 3172 ced
533 3123 618 3172 divine
636 3137 689 3172 uox
706 3122 881 3185 adstipulante
897 3122 988 3186 populi
1004 3121 1113 3172 muana
1126 3135 1188 3172 voce

216 3187 324 3250 (verdist
338 3193 394 3252 liat,
410 3189 470 3253 fiat)
489 3192 566 3254 iepem
583 3189 721 3238 sanciebat.
753 3208 756 3215 ·
775 3188 797 3251 ⁰)
817 3188 859 3250 Cf.
878 3187 1020 3240 Deuteron.
1033 3197 1067 3248 27.
1085 3197 1186 3246 iti—2³„

215 3256 257 3305 ubi
274 3259 397 3321 quaedam
417 3264 512 3306 tantum
527 3272 565 3305 ecc
586 3257 625 3306 die
642 3256 860 3308 maledictionibus
879 3260 1004 3321 leputatur,
1030 3259 1066 3306 ud
1083 3271 1187 3322 querum

213 3326 397 3376 similitudinem
421 3324 547 3374 Collector
569 3325 670 3374 ratione
692 3324 780 3376 dubita
805 3325 890 3377 Iacuit.
911 3333 943 3378 18.
968 3333 993 3374 et
1010 3333 1042 3377 20.
1068 3333 1187 3375 caeteros

210 3393 296 3454 sinuit,
316 3407 346 3440 ne
364 3395 389 3440 ei
406 3392 542 3440 interdicta
561 3398 655 3441 tontum
677 3393 837 3442 matrimonia
857 3408 892 3442 etc
911 3392 949 3442 dic
968 3393 1032 3442 tocie
1048 3394 1185 3448 retuliscei,

214 3461 337 3522 impunita
355 3474 386 3508 ea
403 3459 485 3520 fuisse
503 3462 557 3521 lepe
576 3461 660 3508 diuina
678 3461 832 3510 viderentur.
