2634 3974
179 167 231 240 4'04
464 200 538 236 1vt11
557 198 662 234 ravam
682 197 761 233 saur.
780 183 819 235 lll.
839 182 863 231 6.

89 365 90 368 “
148 323 154 334 '
178 351 283 420 apertas
301 341 405 399 tabulas
417 333 440 374 ¹⁴
457 348 518 398 ante
534 339 631 396 aditam
646 337 824 394 hereditatem
840 337 1002 400 decesserit,
1020 337 1053 392 ad
1068 337 1150 394 here·

78 417 79 420 ¹
178 429 240 486 dem
255 443 333 484 suum
349 425 516 482 transmittit.

383 505 429 585 [t.
445 508 493 566 19.
518 508 554 564 D.
571 509 606 564 da
622 513 679 578 opi.
697 509 796 581 lepalu
812 505 872 578 (33,
886 499 942 580 5).]

240 595 270 652 8.
294 590 342 650 ⁵Si
363 609 407 648 res
429 591 548 666 obligata
568 590 709 652 creditori,
735 592 812 646 cuius
833 605 940 646 cansam
962 597 1077 646 testator
1091 606 1150 646 non

7 651 49 758 ''3''
115 667 116 670 ¹
178 680 329 756 ignorauit,
351 693 400 750 per
415 676 612 732 damnationem
627 675 717 749 legata
732 677 782 739 sit,
806 673 884 730 luitio
900 673 933 729 ad
948 673 1056 730 heredis
1071 674 1149 730 solli·

177 763 322 821 citudinem
344 767 457 834 spectat.
516 755 545 816 9.
575 753 681 815 “Seruo
703 758 819 816 fataliter
839 760 1002 832 interempto
1024 758 1147 832 legatarii
1188 783 1196 805 x

178 849 304 904 damnum
313 853 375 908 est,
392 846 454 920 quia
469 845 588 919 legatum
604 843 678 900 nulia
693 844 771 918 culpa
787 843 892 900 heredis
908 842 1054 899 intercidit.
1098 839 1145 899 10.

178 925 318 987 ⁷llamnari
339 930 417 986 heres
439 937 546 1002 potest,
574 937 604 984 ut
625 928 706 984 alicui
727 928 836 984 domum
857 935 993 990 exstruat,
1020 934 1065 982 aut
1086 943 1147 984 aere

179 1015 265 1072 alieno
287 1030 348 1070 euin
369 1012 474 1070 liberet.
524 1009 563 1070 11.
589 1007 719 1069 8Sinendi
739 1012 820 1070 modo
841 1021 896 1068 tarn
917 1013 1071 1086 corporales
1092 1028 1146 1075 res,

178 1115 258 1173 qnam
273 1115 342 1172 quae
357 1099 385 1153 in
399 1099 458 1153 iure
473 1100 642 1160 consistunt,
665 1097 750 1172 legari
766 1106 896 1171 possunt,
919 1103 946 1152 et
962 1089 1058 1152 ’ideoi
1074 1095 1147 1152 debi-

178 1185 232 1240 tori
246 1183 287 1246 id,
311 1181 385 1255 qnod
400 1181 494 1243 debet,
518 1190 593 1238 recte
608 1182 724 1256 legatur.
770 1177 814 1240 12.
839 1173 935 1237 ²⁰Eius
950 1182 1002 1256 rei,
1026 1197 1093 1254 quae
1107 1181 1148 1236 le·

165 1275 243 1342 ¹gata
257 1274 313 1328 est,
330 1265 452 1338 exemplo
469 1265 576 1322 heredis
592 1274 694 1338 partem
710 1282 867 1342 agnoscere,
886 1273 989 1340 partem
1005 1261 1147 1339 repudiare

178 1351 325 1426 legatarius
347 1366 403 1405 non
423 1356 525 1422 potest.
590 1346 634 1406 13.
661 1342 808 1424 ¹Legatum
830 1352 882 1407 nisi
903 1358 993 1407 certae
1014 1351 1053 1406 rei
1070 1353 1105 1406 sit
1120 1361 1185 1408 et·
1245 1371 1250 1384 ¹

179 1435 326 1493 adsertam
342 1449 484 1506 personam
501 1431 652 1496 deseratur,
669 1433 769 1490 nullius
785 1441 827 1490 est
842 1436 982 1491 momenti.
1031 1431 1076 1492 14.
1101 1427 1149 1492 ²St

181 1521 241 1592 quis
267 1518 318 1574 sibi
339 1524 366 1572 et
381 1517 452 1572 l'itio
473 1516 593 1590 legatum
614 1516 799 1589 adscripserit,
826 1521 912 1593 magis
939 1527 980 1575 est
1007 1527 1037 1574 ut
1058 1527 1147 1576 totum

182 1603 302 1676 legatum
317 1600 350 1656 ad
365 1601 540 1658 coniunctum
558 1602 702 1674 pertineat.

272 1681 336 1761 [L.
355 1685 394 1742 18
407 1702 455 1757 pr.
472 1685 508 1742 D.
526 1687 565 1742 ad
578 1688 633 1758 lep.
651 1685 736 1741 Corn.
753 1687 788 1740 da
801 1685 873 1756 fuls.
890 1685 950 1758 (48,
970 1683 1046 1764 10).]

244 1768 289 1836 la,
318 1761 388 1837 ³Qui
413 1786 443 1826 se
469 1768 525 1826 filio
546 1769 685 1824 testatoris
705 1767 837 1842 impuberi
857 1777 975 1827 tutorem
996 1772 1146 1847 adscripsit,

180 1863 210 1911 nt
231 1861 374 1928 suspectus
396 1870 410 1908 a
426 1854 510 1910 tutela
525 1852 708 1909 remouendus
726 1859 782 1915 est,
804 1852 836 1907 ad
855 1869 934 1926 quam
950 1855 1023 1912 ultro
1040 1857 1147 1912 uidetur

180 1938 326 1995 affectasse.
387 1932 433 1997 16.
458 1936 542 1993 4Rern
562 1937 679 2011 legatam
701 1944 816 1992 testator
831 1937 854 1992 si
869 1946 965 2010 postea
979 1941 1087 2014 pignori
1100 1941 1147 1998 uel

181 2022 293 2080 fiduciae
307 2022 421 2084 dederit,
438 2038 471 2078 ea
486 2037 518 2076 eo
535 2021 704 2077 uoluntatem
718 2029 838 2077 mutasse
854 2038 910 2079 non
924 2022 1039 2079 uidetur.
1086 2019 1145 2084 ⁵1⁷.

180 2106 357 2163 Usnsiructus
380 2107 591 2178 uniuscuiusque
612 2107 652 2161 rei
674 2106 759 2180 legari
780 2113 886 2179 potest,
909 2114 937 2161 et
953 2115 998 2162 aut
1013 2109 1073 2181 ipso
1089 2111 1148 2167 iure

180 2194 363 2248 constituetur
383 2198 429 2245 aut
450 2207 499 2264 per
520 2188 647 2247 heredem
662 2189 851 2263 praestabitur.
896 2207 929 2246 er
944 2207 1024 2246 causa
1039 2195 1148 2266 quidem

181 2275 357 2332 damnationis
384 2290 432 2347 per
457 2273 584 2330 heredem
606 2273 798 2347 praestabitur;
826 2275 885 2348 ipso
907 2283 997 2332 autem
1017 2278 1077 2335 iure
1097 2296 1148 2354 per

180 2530 232 2574 not.
251 2531 271 2571 7.
332 2519 363 2584 1⁴)
384 2521 423 2584 Of.
443 2523 475 2572 L.
494 2538 535 2572 un.
555 2520 582 2586 3.
596 2533 615 2572 1.
635 2524 663 2578 0,
682 2527 714 2575 de
731 2525 820 2575 caduc.
840 2527 895 2574 tall:
912 2525 942 2589 (o,
961 2525 1007 2588 tt).
1065 2527 1087 2594 ⁵)
1107 2531 1147 2594 Cf.

180 2589 207 2654 3.
226 2600 246 2638 5.
265 2589 290 2638 Ι.
310 2589 407 2652 dclep.
426 2587 456 2652 (t,
475 2589 520 2654 to).
589 2590 610 2654 6)
631 2591 894 2656 Of.3.16.1.eod.
963 2592 984 2656 ⁷)
1006 2593 1047 2658 Of.
1066 2595 1094 2660 3.
1113 2608 1146 2646 rt.

181 2657 205 2706 I.
224 2658 281 2706 eod.
350 2655 371 2719 8)
391 2656 431 2720 Cf.
450 2654 477 2722 8.
494 2667 518 2708 tt
538 2662 580 2708 cit.
603 2659 636 2711 L.
655 2667 679 2708 41
697 2675 739 2722 pr.
758 2660 792 2712 Ι).
811 2661 843 2711 de
861 2663 909 2726 lep.
929 2671 974 2714 1.v
1017 2661 1039 2728 ⁹)
1059 2665 1148 2715 Malim

73 2715 76 2724 '
181 2724 248 2776 adeo.
288 2723 387 2788 Capitat
403 2740 464 2776 cero
482 2727 586 2776 Paullus
603 2729 635 2776 de
652 2727 699 2776 doc
717 2729 816 2789 legato:
833 2729 909 2780 lieres
926 2745 993 2780 meus
1011 2732 1100 2790 sinito,
1120 2739 1147 2782 ut

184 2791 264 2840 Titius
282 2794 351 2857 quod
366 2793 426 2842 mitt
442 2793 525 2858 debet,
543 2795 594 2844 sibi
609 2794 710 2846 habeat.
764 2791 797 2858 ²⁰)
817 2795 858 2858 Of.
877 2799 909 2847 L.
924 2806 945 2850 1.
963 2799 995 2850 D.
1015 2800 1046 2848 de
1064 2801 1112 2864 lep.
1126 2809 1145 2847 t.

181 2861 212 2912 L.
232 2867 257 2908 38
272 2877 315 2924 pr.
334 2861 366 2910 D.
386 2862 418 2910 de
435 2863 483 2927 lep.
503 2871 524 2915 1.
623 2857 642 2924 ¹)
662 2861 702 2924 Of.
721 2863 755 2916 L,
774 2871 808 2917 119.
827 2863 855 2927 3.
875 2874 895 2918 t,
918 2865 953 2914 D.
972 2867 1004 2916 de
1020 2867 1075 2914 iure
1094 2867 1145 2916 dot.

181 2927 224 2989 (2³,
237 2924 270 2992 t).
292 2929 321 2978 L.
335 2937 357 2976 11
371 2944 415 2992 pr,
433 2929 466 2979 D.
485 2931 517 2979 dc
535 2933 582 2994 lep.
598 2938 617 2980 1.
645 2929 678 2978 L.
692 2939 713 2979 3.
733 2928 762 2993 3.
775 2940 796 2982 1.
815 2933 849 2981 D.
868 2934 900 2983 de
918 2934 991 2983 adim.
1009 2950 1030 2984 u.
1050 2934 1145 2995 transf.

180 2997 228 3056 lep.
245 2992 293 3057 (31,
312 2993 344 3057 t).
415 2994 436 3060 ²)
458 2996 497 3060 Cf.
518 2996 549 3047 t.
569 3005 593 3045 11
610 3009 653 3060 pr.
677 2995 794 3060 3.1.D.
814 3002 850 3049 ad
867 3003 914 3065 lep.
934 3001 1010 3052 Corn.
1031 3001 1062 3050 de
1082 3001 1144 3064 fals.

182 3059 229 3123 (18,
249 3059 294 3126 10).
364 3061 385 3127 ³)
405 3064 511 3114 Plenior
528 3065 628 3114 uidetur
645 3072 739 3114 extare
762 3067 788 3114 in
805 3068 838 3121 L,
857 3077 889 3117 18.
907 3066 935 3134 S.
955 3078 974 3122 1.
993 3069 1026 3118 D.
1045 3069 1081 3118 ad
1097 3072 1146 3135 lep.

182 3127 259 3181 Corn.
277 3131 309 3179 dc
324 3130 385 3193 fals.
406 3130 454 3193 (ts,
472 3127 520 3196 1ο).
557 3130 617 3191 ‘Qui
632 3147 660 3182 se
675 3135 730 3195 filio
748 3137 881 3186 testatoris
898 3137 1023 3201 impuberi
1039 3144 1148 3188 tutorem

181 3197 332 3260 adscripsit,
357 3201 406 3248 etsi
426 3205 558 3261 suspectus
580 3215 636 3250 esse
657 3203 840 3264 praesumitur,
866 3206 935 3269 quod
955 3209 1022 3255 ultro
1045 3209 1147 3255 tutelam

180 3263 307 3313 uidebitur
323 3265 471 3328 affectasse,
496 3272 577 3316 tanen
599 3270 622 3317 si
644 3271 749 3319 idoneas
772 3284 828 3320 esse
851 3271 1021 3335 approbetur,
1040 3288 1090 3323 nan
1113 3290 1147 3324 erc

181 3337 328 3382 testamento
345 3334 394 3382 sed
415 3347 450 3382 esa
468 3334 572 3385 decreto
596 3343 664 3386 tutor
682 3338 782 3386 dandus
799 3344 852 3387 est.-
874 3354 920 3388 nec
938 3342 1073 3390 excusatio
1093 3344 1147 3392 eius

181 3398 334 3457 admittetur,
348 3399 408 3463 quia
423 3403 580 3451 consensisse
598 3405 699 3452 uidetur
716 3405 840 3453 uoluntati
858 3409 1010 3460 testatoris!
1062 3407 1084 3472 ⁴¹)
1104 3409 1146 3472 Cf.

183 3461 210 3526 3.
231 3473 262 3513 ta.
282 3465 307 3513 I.
328 3465 359 3514 ae
378 3469 424 3530 lep.
444 3463 474 3531 (a,
493 3465 538 3533 ao).
569 3470 600 3521 L.
619 3478 639 3518 a.
660 3469 686 3522 0.
706 3469 763 3520 eod.
783 3467 820 3532 (s,
838 3472 883 3533 ar).
954 3472 974 3537 ⁵)
994 3476 1098 3528 111111,
1118 3478 1147 3526 de
