2590 4286
464 43 544 88 ‘vnn
564 49 675 88 cvrvsn.
694 49 843 86 rvnneous.
862 19 1086 86 oonsvnrsrrofl

356 205 421 240 nam
447 189 618 239 Francorum
646 188 787 237 civitatem
815 188 960 254 pervenire
991 187 1086 252 potuit.

357 261 452 308 aetate
471 260 499 306 et
517 258 610 320 patria
628 256 780 319 scriptoris.
973 305 975 312 ,

424 325 466 374 De
490 323 599 372 ratione
617 322 707 373 libelli
731 322 801 372 haec
820 321 929 374 habeto.
968 320 1086 371 Causidi

357 393 408 442 fius
426 392 444 440 l.
465 406 490 441 c.
514 395 589 440 recte
615 391 726 450 statuit,
749 391 779 438 in
802 389 895 440 causis
919 388 1079 453 quibusdam

358 461 474 523 antiquo
492 473 565 508 more
578 456 674 507 lOtum
692 457 814 522 aliquem
834 455 949 520 (rectius
967 455 1083 506 dixisset

357 528 387 576 iu
405 527 456 575 illa
478 525 592 590 regione
617 525 770 584 celebrem,
796 523 915 590 siugulis
939 524 1086 588 propositis

359 593 551 654 consuluerat,
571 593 692 658 adquae
716 593 740 642 is
758 593 810 642 hoc
834 593 937 656 scripto
961 591 1003 640 ita
1030 605 1086 655 resp

361 663 471 712 omnino
499 665 676 724 quaerentem
703 660 737 710 de
763 661 862 722 quavis
887 674 916 708 re
942 657 1073 714 instituat

360 744 438 780 suam
458 728 541 777 etiam
562 728 681 776 oratorie
700 732 828 791 exornet,
850 728 970 778 undeet
991 726 1045 776 hac
1068 741 1084 790 p

362 795 563 846 causidicorum
583 793 770 844 imbecillitati
789 795 951 851 subvenisse
975 800 1086 858 apparet

359 863 557 914 ‘lectionibus’
581 860 615 910 ad
641 877 698 910 rem
722 861 928 924 pertinentibus
958 878 992 910 ex
1018 861 1086 911 librir

358 931 456 996 quibus
474 932 504 978 in
523 943 609 978 causa
627 928 742 978 dicenda
760 933 864 992 utatur,
883 930 1011 978 instruct.
1040 929 1084 978 Un

358 1000 430 1048 hanc
448 1013 503 1048 non
521 1001 578 1046 tam
597 995 827 1046 consultationem
846 1011 921 1054 esse,
940 1011 1021 1059 quam
1040 995 1074 1043 ad

303 1109 305 1114 .
358 1079 526 1132 responsum.
561 1063 619 1114 Nec
638 1068 731 1112 tamen
748 1063 879 1126 peccavit
897 1061 1041 1120 Cuiacius,
1066 1078 1086 1111 cr

357 1149 419 1184 nem
445 1147 506 1182 eam
532 1131 714 1194 inscriberem
737 1131 796 1194 ipse
826 1131 897 1180 enim
926 1134 1022 1180 auctor
1048 1145 1070 1178 c.

358 1202 448 1266 ipsum
467 1213 637 1264 responsum,
656 1213 708 1262 quo
728 1196 895 1246 consultanti
914 1196 1086 1260 consulebat,

357 1267 516 1318 Latinitate
539 1266 767 1316 consultationem
800 1264 962 1330 appellavit.
998 1263 1071 1314 Sane

360 1337 442 1385 titulo
461 1335 661 1384 inscriberetur
680 1337 849 1394 ‘tractatus’,
868 1347 919 1397 qno
938 1331 1074 1383 vocabulo

362 1405 394 1451 L.
416 1406 439 1451 1.
459 1401 485 1465 S.
500 1403 541 1455 ii.
559 1401 594 1452 D.
615 1401 647 1449 de
668 1400 805 1453 extraord.
824 1415 903 1464 cogn.
924 1398 976 1463 (50,
996 1398 1040 1465 13)
1058 1399 1086 1448 de

362 1468 487 1534 quodque
513 1468 594 1518 etiarn
618 1471 716 1532 postea
739 1468 768 1516 in
790 1482 842 1516 usu
859 1467 1006 1526 mansisse,
1035 1471 1086 1518 oste

361 1537 496 1586 Ammian.
516 1538 558 1600 28,
577 1537 603 1588 4.
622 1534 649 1598 3.
669 1535 725 1598 26„
744 1535 793 1585 sed
813 1536 896 1584 etiam
919 1535 978 1600 ipse
1003 1539 1086 1585 noste}

357 1603 407 1654 illo
426 1604 502 1669 ‘quid
520 1603 622 1653 debeat
640 1604 768 1654 tractari'
786 1603 848 1652 init.
868 1619 892 1657 c.
904 1605 928 1655 4.
943 1604 966 1656 5.
981 1605 1004 1652 6.
1040 1603 1086 1652 Vir‘

357 1672 501 1722 Valesium
529 1671 563 1720 ad
585 1672 720 1719 Ammian.
740 1671 758 1720 l.
778 1687 801 1720 c.
825 1674 853 1718 et
877 1670 1033 1735 Schulting.
1058 1669 1086 1720 ac‘

360 1738 487 1788 Ceterum
505 1741 562 1787 tres
581 1739 643 1801 ipsa
660 1753 689 1786 re
709 1737 855 1790 distinctas
873 1742 968 1803 partes
981 1752 1084 1802 opuscu

360 1820 384 1854 e.
397 1806 472 1854 4-6,
493 1809 520 1853 et
540 1821 562 1854 c.
577 1807 661 1862 7-8„
682 1806 780 1868 quibus
799 1822 822 1856 c.
837 1809 861 1856 9.
879 1811 1012 1870 tanquam
1031 1819 1086 1854 auc

360 1875 446 1920 tatum
466 1871 584 1928 accedit,
604 1886 706 1935 easque
726 1873 760 1921 ad
779 1873 901 1924 diversos
921 1875 1047 1922 auctores
1058 1875 1086 1922 vi

361 1953 430 2000 esse,
444 1939 500 1986 iam
513 1937 545 1990 G.
558 1938 590 1986 Ε.
608 1937 807 1988 Heimbachius
823 1941 853 1988 in
865 1940 977 2003 Repert.
989 1941 1066 2002 Lips.
1080 1946 1086 1987 t

361 2006 531 2057 observavit.
567 2006 665 2068 ltaque
684 2011 813 2056 suctores
835 2006 962 2070 opusculi
985 2011 1068 2072 caput

360 2073 482 2135 Arelate,
502 2073 624 2121 tenuisse
643 2072 737 2136 ibique
750 2073 836 2136 ‚quasi
855 2072 972 2138 collegio
986 2074 1086 2138 quodsi:

360 2140 483 2190 scholam
501 2140 633 2188 habuisse
652 2145 680 2188 et
698 2141 811 2189 oracula
830 2140 1035 2190 consulentibus
1055 2141 1086 2190 de

357 2207 433 2257 licet.

730 2307 967 2320 —n--n—a-—n--o--d
974 2311 976 2316 ι

422 2463 442 2518 l.
467 2461 492 2521 1.
523 2463 689 2521 Consuluisti
712 2482 768 2526 rue,
783 2472 885 2533 ,utrum
911 2466 983 2520 inter
1007 2465 1086 2520 fratre

360 2546 450 2603 hahita
466 2547 595 2603 derebus
612 2548 765 2604 diuidendis
773 2551 869 2644 pactio
886 2551 1016 2604 uirtutem
1038 2549 1086 2621 aliq

360 2633 461 2687 liuere:
478 2648 557 2704 quern
573 2640 662 2688 tamen
676 2635 834 2705 pactionem
846 2633 911 2688 dicis
926 2633 1066 2687 mulierem
1084 2633 1086 2686 i

358 2717 403 2771 riti
419 2723 447 2771 et
462 2717 574 2789 irnperio
591 2715 783 2790 subscripsisse
800 2724 826 2772 et
848 2718 998 2790 ignorasse,
1016 2732 1082 2788 quae

359 2800 478 2856 diciones
493 2802 545 2874 ipsi
560 2802 678 2874 pactioni
693 2801 810 2857 luissent
824 2801 925 2856 inditae
940 2800 985 2856 uel
999 2801 1082 2856 insert

358 2887 394 2939 ita
421 2892 476 2945 est,
504 2885 730 2958 quemadmodum
760 2894 806 2941 tua
831 2886 1029 2941 consultatione
1044 2887 1086 2958 sig·

359 2967 512 3023 huiusmodi
527 2971 587 3025 iure
603 2969 770 3035 dissoluitnr,
787 2987 837 3026 nec
852 2978 923 3025 stare
938 2971 1049 3042 poterit,
1063 2987 1086 3042 qr

359 3050 425 3107 ficiis
449 3053 610 3110 omnimodis
631 3056 814 3128 impugnatur.
850 3050 878 3111 3.
891 3054 1085 3127 fPrinroreque

358 3138 540 3209 proposuisti,
558 3132 662 3211 capite¹
679 3140 756 3194 inuiti
776 3141 865 3213 pactio
887 3148 914 3195 et
927 3147 1001 3196 metu
1020 3155 1086 3194 coeo

357 3249 559 3258 --——-—-

427 3316 446 3382 1)
464 3319 488 3368 Ιι.
508 3335 531 3369 e.
551 3334 586 3370 ccc
599 3321 684 3383 prima
703 3336 793 3390 cansa,
809 3323 925 3388 primum.
