2648 3974
194 131 244 180 286
525 144 586 178 onir
606 145 709 180 susm.
729 131 766 180 lV.
784 131 826 181 61.

193 277 330 342 ’modo¹⁰³
347 303 403 348 res,
418 286 450 342 do
467 303 524 358 qrra
541 290 644 359 capitur,
662 285 820 359 designetur
839 286 879 342 iris
898 285 1001 341 uerbis:
1019 301 1048 342 sl
1060 302 1175 342 ennon*

195 386 292 428 ILLVM
307 387 391 428 Arva
411 369 519 442 (roomo
530 368 609 442 notu)
624 385 722 426 tonsu
737 385 946 434 osrosvrsso,
969 368 1091 425 dubitare
1104 371 1184 425 'non

195 454 338 518 debemus,
362 457 427 528 quin
448 456 470 508 si
492 456 552 526 quis
573 455 601 510 in
616 454 746 516 iorrnnla,
770 471 838 528 quae
853 455 880 509 iu
896 453 996 510 ioelum
1013 455 1168 526 composito

195 547 250 602 ost,
272 540 363 612 plures
385 555 429 594 res
450 539 647 612 designauerit,
670 555 748 611 quom
770 538 940 612 deposuerit,
966 539 1040 594 litem
1057 537 1165 610 perdat,

127 625 257 696 itaquis
285 625 311 678 in
337 625 488 678 intentione
517 624 579 696 plas
607 618 760 697 'posuiisse
787 617 932 680 uidetur.⁴
959 653 999 660 -·

133 705 148 746 t.
161 716 180 749 s.
194 735 1165 746 mmmm-ffl-

128 802 184 852 211.
200 822 317 827 ------
360 823 366 826 -
398 822 496 828 ----
547 821 751 831 -----—

134 875 149 916 t.
162 886 181 923 s.
196 907 229 912 --
386 907 499 914 *Q
723 871 767 930 61.
798 868 1068 944 icompensattoaes
1092 891 1167 944 quo·
1187 939 1191 942 .

195 976 250 1033 que
271 964 420 1032 oppositae
437 963 608 1032 plerumque
630 959 776 1031 efficiunt,
803 961 942 1012 aiminus
957 961 1077 1030 quisque
1092 974 1168 1014 con-

188 1053 349 1118 sequatur,
373 1063 459 1118 quam
475 1049 502 1102 ei
516 1045 681 1101 debebatur.
720 1043 757 1099 In
773 1043 864 1098 bonae
877 1043 948 1112 fidei
962 1046 1035 1098 enim
1050 1043 1171 1098 ircdiciis:

194 1225 237 1294 ¹⁰³)
252 1231 329 1278 ‘loco’
343 1229 383 1277 ed.
395 1227 445 1291 Bp.
466 1241 545 1289 neque
557 1225 667 1288 uestipiis
681 1223 707 1272 0.
731 1237 811 1287 neque
827 1226 967 1272 sententiae
988 1223 1161 1286 satisfaciens.

194 1294 215 1358 4)
230 1295 385 1346 Sententiam
396 1294 504 1358 perfeci.
522 1292 600 1340 -In
609 1308 638 1354 p.
651 1299 698 1338 tto.
711 1298 736 1338 el
747 1300 793 1342 211.
811 1293 873 1354 quid
886 1293 1009 1352 perierit,
1029 1293 1167 1340 aestimari.

192 1370 278 1426 potest
291 1379 326 1414 ea
338 1377 380 1416 eo,
399 1362 467 1424 quod
483 1362 531 1407 iam
547 1361 573 1407 in
585 1359 651 1406 lust.
664 1357 868 1408 institutionibus
884 1362 997 1423 seqnitur
1010 1360 1048 1408 tit.
1063 1360 1094 1408 de
1106 1365 1158 1407 act.

195 1432 225 1492 it,
239 1428 272 1492 o).
297 1427 323 1491 3.
336 1437 367 1476 36.
382 1427 458 1476 ‘Sunt
469 1432 608 1489 praetcrea
621 1426 744 1488 quaedam
757 1427 878 1484 actiones,
893 1425 981 1490 quibus
994 1441 1044 1476 non
1056 1441 1158 1489 semper

194 1497 310 1555 solidam,
326 1495 394 1558 quod
404 1493 475 1542 nobis
488 1493 606 1559 debetur,
620 1494 668 1541 sed
678 1494 751 1542 modo
763 1495 869 1543 solidum
886 1496 1071 1558 consequimur,
1086 1495 1165 1544 moda

194 1567 282 1614 minus.
302 1561 335 1610 [lt
347 1575 412 1618 ecce,
422 1562 445 1608 si
456 1562 482 1609 in
491 1562 616 1623 peculium
624 1562 674 1621 fita
683 1562 784 1622 seruiae
796 1575 913 1625 aqamns,·
926 1577 982 1610 nom
991 1562 1015 1611 si
1023 1577 1072 1610 non
1081 1563 1166 1610 minos

194 1635 220 1679 in
229 1630 331 1693 peculio
343 1629 388 1688 sit,
403 1643 475 1692 quom
485 1629 675 1693 persequimur,
687 1630 714 1677 in
729 1630 836 1679 solidum
848 1635 924 1692 pater
942 1631 1087 1680 dominusne
1101 1645 1160 1678 con-

196 1699 341 1750 demnatum
361 1697 385 1744 si
405 1711 466 1744 nera
488 1697 570 1744 ininius
591 1697 731 1756 inuenitur,
760 1697 881 1746 kactenus
902 1699 1052 1748 condemnat
1071 1697 1164 1755 iudex,

195 1772 316 1830 quatenns
330 1767 355 1811 in
365 1764 465 1826 peculio
477 1765 526 1818 sil,·
544 1765 748 1828 quemadmodum
760 1771 842 1812 autem
855 1767 981 1828 peculium
997 1765 1105 1827 inteiliqi
1116 1766 1161 1812 de-

194 1833 259 1890 beat,
272 1847 317 1882 suo
330 1832 420 1882 ordine
429 1846 601 1896 proponemus
622 1829 666 1894 (cf.
679 1839 702 1888 4,
716 1839 749 1882 69.
762 1830 807 1894 73).
838 1830 865 1894 3.
879 1841 913 1883 37.
932 1832 996 1881 Item
1012 1834 1036 1880 si
1052 1831 1083 1881 de
1100 1833 1164 1881 dote

193 1903 287 1950 iudicio
299 1901 386 1949 mulier
398 1907 468 1964 apol,
485 1901 585 1962 placet,
605 1899 727 1948 haelenae
744 1901 859 1948 maritum
875 1901 1041 1949 condemnari
1057 1899 1162 1960 dedere,

194 1976 317 2034 quatenus
327 1969 417 2030 facere
427 1970 522 2031 possit,
541 1969 570 2017 id
586 1974 637 2029 est,
657 1975 778 2032 quotenne
793 1968 931 2029 facultates
948 1969 1002 2017 eius
1017 1970 1160 2030 patiuntur.

193 2041 278 2104 itaque
298 2038 321 2086 si
344 2037 411 2086 dolis
432 2037 568 2101 quantitati
588 2044 743 2086 conciuerant
759 2036 898 2098 facultates
919 2037 985 2092 eius,
1007 2038 1032 2084 in
1054 2037 1163 2086 solidum

194 2107 342 2160 damnatur:
359 2105 487 2162 siminus,
506 2105 532 2152 in
549 2111 655 2162 tantam,
675 2109 793 2169 qnantum
806 2103 898 2164 facere
919 2110 1012 2166 potest.
1044 2103 1163 2166 Propter

194 2176 359 2223 retentionem
377 2187 474 2238 quoque
492 2174 559 2223 dolis
575 2174 695 2236 repetitio
713 2171 847 2220 minuitur:
864 2187 921 2219 nom
938 2169 969 2220 ab
985 2172 1114 2234 impensas
1133 2172 1160 2219 in

194 2257 237 2291 res
250 2243 348 2291 dolates
362 2241 448 2302 factas
464 2241 555 2290 marito
573 2242 683 2290 retentio
696 2253 818 2290 concessa
830 2247 882 2300 est,
901 2241 960 2302 quia
973 2240 1029 2301 ipso
1046 2240 1101 2286 inre
1113 2253 1158 2285 ne·

195 2310 315 2358 censoriis
332 2307 470 2370 sumptibus
486 2309 533 2357 dos
555 2309 684 2364 minuitur,
707 2309 774 2356 sicut
795 2322 830 2355 erc
850 2306 982 2355 latioribus
999 2306 1160 2370 Dipesloram

195 2375 266 2424 tibris
284 2389 436 2437 copnoscere
452 2376 528 2424 liceat
546 2374 590 2437 (cf.
605 2373 665 2437 Uip.
679 2384 699 2424 6.
718 2381 742 2424 et
760 2371 853 2423 Baetis.
871 2375 908 2422 nd
924 2373 974 2424 Cio.
998 2373 1158 2436 Top.1t,6o.

192 2459 220 2506 p.
234 2450 271 2490 378
284 2439 328 2489 Or.
342 2457 413 2504 quem
426 2456 489 2505 quae
503 2442 583 2490 tradit
595 2443 626 2491 de
639 2444 679 2490 rei
689 2443 799 2491 macoriae
812 2443 911 2491 actione
925 2455 960 2490 ca
972 2441 1019 2490 doc
1033 2441 1092 2490 Gaii
1104 2443 1160 2490 loco

195 2510 311 2558 sumsisse
324 2507 444 2557 credibile
457 2507 515 2572 est).
534 2506 560 2571 3.
575 2517 607 2557 38.
621 2507 676 2558 Sed
686 2515 711 2558 et
723 2512 747 2558 si
758 2510 813 2574 quis
826 2525 879 2557 cam
889 2517 1000 2574 parente
1011 2523 1057 2558 suo
1067 2515 1160 2572 patro·

187 2572 258 2626 'noue
272 2581 344 2639 apat,
357 2577 415 2622 item
426 2576 450 2624 si
460 2578 543 2625 socius
556 2592 608 2624 cnm
620 2581 690 2626 socio
704 2577 797 2626 iudicio
810 2577 940 2626 sacietatis
953 2583 1026 2640 opat,
1041 2591 1091 2627 non
1102 2578 1160 2639 ptus

196 2651 268 2693 octor
281 2644 450 2706 consequitur,
464 2659 536 2707 qaam
548 2645 715 2694 aduersarius
727 2645 780 2694 eius
790 2645 880 2706 facere
890 2650 988 2707 pote'st,
1001 2644 1067 2692 idem
1079 2650 1124 2700 est,
1138 2645 1161 2692 si

196 2713 251 2777 quis
264 2727 299 2778 ecq
312 2711 448 2760 donatione
460 2725 508 2760 sua
521 2713 696 2762 conueniatur.
728 2710 756 2775 3.
770 2720 804 2760 39.
823 2711 1049 2774 Compensationes
1062 2726 1160 2776 qaoque

196 2780 330 2844 appositae
342 2781 488 2844 plenumque
501 2780 624 2842 efficiunt,
638 2785 665 2828 ut
676 2781 755 2830 minsis
773 2781 877 2844 quisque
889 2786 1072 2843 consequatur,
1086 2795 1160 2842 quam
1202 2806 1205 2812 ·

195 2850 220 2897 ei
231 2847 384 2896 debebatur:
400 2863 506 2912 namque
518 2863 553 2897 ea
571 2863 652 2912 aequo
669 2855 694 2896 et
710 2848 774 2898 bono
790 2845 879 2896 tradita
895 2848 995 2896 ratione
1013 2849 1078 2904 eius,
1092 2848 1162 2912 quod

173 2974 176 2979 ,
194 2917 300 2964 inuicem
312 2921 423 2964 actorem
434 2930 470 2964 ecc
482 2917 570 2965 eodem
582 2931 661 2965 carisa
676 2922 817 2979 praestare
833 2921 978 2978 oporteret,
996 2916 1022 2962 in
1038 2915 1160 2978 reliquum

197 2998 262 3040 earn,
275 2998 329 3031 cum
342 2998 390 3047 qao
403 2990 485 3032 actum
497 2991 549 3046 est,
563 2985 723 3042 condemnat,
737 2985 803 3033 sicut
818 2983 868 3030 inm
881 2984 973 3031 dictum
985 2986 1044 3032 est!
1076 2980 1103 3046 3.
1116 2990 1159 3038 tu,

213 3066 260 3099 noe
272 3051 386 3114 pertinet
402 3053 438 3100 ad
453 3052 574 3101 bonorum
591 3052 740 3110 cessionem,
753 3051 912 3100 lastinianus
928 3053 982 3099 loco
1001 3050 1160 3098 deductionis

196 3068 255 3183 iffi.
269 3115 373 3180 65-63),
387 3134 451 3182 quae
463 3121 522 3168 item
534 3121 693 3170 decoctorum
704 3119 876 3169 condicionem
887 3123 996 3179 spectat,
1008 3119 1123 3180 posuisse
1134 3123 1160 3164 et

196 3188 297 3236 aliunde
309 3187 426 3237 sumsisse
434 3189 582 3238 credendus
594 3194 641 3238 est.
689 3184 709 3250 5)
727 3185 830 3236 Initium
841 3184 914 3233 huius
932 3182 962 3248 33·
973 3185 1055 3244 refeci
1067 3185 1160 3248 paucis

195 3359 229 3409 D.
242 3360 273 3407 de
286 3359 360 3408 iniur.
376 3357 419 3420 (st,
431 3358 463 3421 2).
482 3358 558 3410 Cons.
568 3367 587 3408 5.
607 3357 680 3406 Paul.
694 3365 713 3412 2,
727 3363 759 3407 31.
773 3353 802 3416 3.
814 3363 848 3401 22.
917 3349 942 3418 3.
956 3354 997 3403 61.
1017 3353 1057 3414 Of.
1070 3349 1172 3418 3330.Ι

196 3433 229 3478 33,
247 3424 272 3486 Ι.
287 3428 319 3476 cte
332 3433 381 3475 act.
396 3422 426 3490 (r,
441 3427 473 3490 o).
493 3425 545 3474 Oto.
559 3427 590 3475 ale
604 3423 671 3485 offic.
684 3429 705 3484 3,
720 3430 752 3469 n.
767 3419 795 3484 3.
809 3429 841 3468 ro.
861 3419 936 3468 Paul.
949 3429 969 3476 2,
983 3428 1002 3466 3.
1017 3418 1043 3480 3.
1057 3427 1079 3468 3.
