2614 3960
396 191 499 228 ennon.
520 191 576 228 ivn.
596 191 665 227 sou.
683 190 775 228 van1c.
794 177 903 228 51-54.
1063 243 1064 248 Ἰ
1084 178 1132 227 637

166 325 637 395 x11tabulanumeoniirmontnr.²⁴
664 332 799 406 Numquid
815 325 904 406 erpo5
920 340 946 388 ct
962 348 994 388 ex
1010 340 1133 406 tempore

167 431 196 479 et
211 419 370 477 condicione
386 417 482 475 deduci
498 419 602 491 possiti
619 409 772 490 Sequitun⁶
784 424 811 473 et
824 417 930 491 ’legata
942 410 1023 474 eum⁷
1036 417 1133 474 deduci

167 506 201 562 ad
217 511 320 561 certum
335 511 443 581 tempus
457 495 569 576 posse.⁷

216 586 275 646 v51.
299 581 522 662 incunctantis
538 595 629 660 potest
644 585 816 644 ususfructus
831 594 860 642 et
873 603 923 660 pen
937 600 999 648 eos,
1022 601 1091 660 quos
1106 587 1133 642 iu

168 682 313 750 potestate,
329 689 424 736 manu:
436 673 604 746 mancipicue
618 670 763 728 hahemus:
779 670 832 728 sed
854 688 909 727 nan
931 670 1055 728 omnihus
1077 687 1133 726 mc-

169 761 219 825 dis,
236 759 284 814 sed
299 759 401 831 legate,
416 757 509 820 aelst,
526 755 675 815 heredibus
690 755 745 812 illis
760 756 908 818 institutis,
928 755 1048 812 deducto
1070 773 1134 812 usu·

168 845 261 901 fructu
281 843 433 916 proprietas
454 842 571 915 tegetur.
590 857 653 915 ⁴per
673 842 700 897 iu
720 842 779 896 iure
804 841 957 896 eesmcnem
978 849 1067 898 autem
1088 841 1133 897 uel

168 929 268 986 iudicio
292 926 410 983 familiae
423 926 596 982 erciscundae
617 925 672 982 'uel
700 925 852 997 (cummuni
871 918 1056 998 diuidundc)⁹
1077 942 1133 982 nun

168 1016 277 1088 ’potest
288 1037 297 1076 ,·
309 1004 398 1084 pen-³⁰
413 1012 635 1084 mancipationem
649 1012 686 1065 ita
700 1018 802 1083 potest,
818 1017 849 1064 ut
863 1026 914 1066 nos
929 1013 1131 1084 proprietatem,

169 1097 305 1173 quasillis
315 1097 452 1169 <mancipio
468 1095 528 1150 data
544 1091 609 1167 (sit),
621 1094 738 1150 deducto
755 1094 899 1150 usufructu
910 1096 1131 1168 remancipemus.

232 1178 280 1240 52.
310 1173 519 1237 ’Ususfruetus¹
547 1179 579 1235 ad
599 1186 703 1235 certum
723 1187 829 1252 tempus
851 1172 1051 1235 'constitutus²
1072 1195 1132 1234 cum

152 1267 320 1323 adiectione
343 1266 474 1339 temporis
502 1263 559 1318 'sui
588 1255 852 1322 rn'neiieuriaiehet.³
871 1263 1022 1320 *Diuersum
1038 1271 1093 1328 est,
1111 1264 1133 1318 si

170 1353 199 1408 in
221 1359 294 1406 statu
308 1349 568 1408 liberaconstitutus
584 1349 628 1404 sit.
657 1357 723 1404 tunc
734 1349 804 1404 enim
814 1365 885 1419 pure
898 1347 1075 1405 uindicandus
1083 1357 1133 1410 est,

162 1437 240 1492 *sieut
255 1451 323 1509 pure
344 1434 503 1495 uindicatur,
516 1435 563 1508 qai
576 1433 736 1507 simpliciter
749 1435 914 1489 constitutus
934 1441 991 1497 est,
1014 1448 1076 1488 non.
1090 1431 1134 1488 ad·

86 1583 90 1586 ,
171 1523 247 1577 iectis
277 1519 396 1581 casibus,
425 1521 525 1592 quibas
553 1519 624 1574 salet
652 1519 738 1574 amitti
762 1517 943 1575 ususfructus.
974 1515 1035 1575 λ53.
1057 1517 1134 1572 Item.

173 1605 215 1661 ’si
231 1597 305 1678 (οἱα)4
317 1603 398 1660 eitius
413 1603 535 1660 toliendc
556 1610 620 1679 aget
634 1605 670 1668 is,
688 1604 734 1677 qui
755 1604 783 1659 iu
802 1602 938 1660 infinitum
959 1602 1073 1661 tollendi
1093 1604 1134 1657 ius

171 1706 226 1746 non
253 1688 346 1751 hahet,
372 1692 395 1744 si
417 1706 472 1745 non
493 1690 658 1763 expresserit
678 1687 802 1750 medum,
827 1688 890 1762 plus
910 1688 1030 1761 petendo
1056 1703 1134 1742 eausa

171 1775 250 1837 eadit,
267 1775 343 1848 quasi
358 1773 518 1836 intenderit,=
529 1775 571 1830 itis
588 1773 638 1831 sibi
654 1790 714 1830 esse
729 1774 757 1828 in
772 1771 907 1829 infinitum
922 1773 1027 1828 tollere.

233 1856 282 1915 54.
308 1852 402 1914 ⁵Sieut
416 1859 508 1934 iegato
524 1859 668 1915 usufructu
683 1859 736 1916 iaci
751 1859 972 1919 sineseruitute,
994 1858 1046 1934 iter
1068 1872 1135 1930 quo·

178 2023 367 2036 ...-...-..-.,....

163 2120 206 2185 121)
225 2124 280 2188 qnia
303 2130 326 2172 et
343 2124 541 2187 mancipationem
561 2131 583 2174 et
606 2127 631 2174 in
653 2127 704 2174 iure
728 2125 860 2174 cessionem
883 2125 919 2172 iex
942 2137 986 2172 111
1005 2113 1147 2174 tabularum

173 2192 316 2246 confirmant
337 2190 404 2239 Vnt·
416 2193 457 2240 ed.
476 2193 569 2242 Haitw.
594 2191 653 2242 Sed
670 2193 701 2240 de
719 2193 777 2255 ipsa
794 2192 980 2253 mancipatione
992 2194 1033 2242 oet
1043 2193 1069 2239 in
1081 2193 1135 2240 iare

173 2260 289 2310 cessione
306 2274 356 2310 aon
375 2260 515 2323 quaeritur.
550 2257 587 2308 Et
609 2265 646 2314 at,
660 2265 783 2323 apparet,
802 2259 925 2324 quomoda
947 2260 1031 2310 vitium
1052 2265 1137 2308 natam

173 2328 207 2376 sit
225 2343 260 2377 ea
277 2327 397 2390 repetitis
413 2343 451 2380 cu.
470 2329 533 2388 leges
545 2328 595 2388 lege
610 2327 677 2389 (olim
690 2333 793 2378 etxcac
805 2341 848 2374 x11
861 2325 993 2390 repetita),
1013 2329 1049 2376 ita
1061 2329 1136 2378 vesti·
1207 2355 1211 2359 -
1277 2311 1283 2320 ’

173 2396 239 2459 piam
257 2396 410 2444 cinerescat
431 2396 457 2444 ia
477 2395 575 2459 plurali
596 2396 745 2444 confirmant.
786 2394 826 2443 De
847 2395 1026 2458 mancipiorum
1043 2393 1138 2458 reptans

173 2462 207 2524 af.
221 2461 291 2512 Fest.
303 2479 326 2512 n.
339 2463 501 2526 Nuncnpata.
527 2463 605 2513 Varr.
619 2463 651 2512 de
664 2460 697 2512 L.
711 2463 742 2514 L.
756 2470 777 2523 6,
790 2471 810 2513 t.
824 2461 852 2526 3.
866 2457 901 2520 n.
924 2461 964 2512 De
976 2464 1069 2512 iniere
1081 2478 1136 2513 ces·

173 2531 245 2578 mnne
256 2531 358 2582 similem
370 2532 406 2580 itti
414 2530 492 2581 IOtas
500 2534 578 2596 iepem
589 2533 717 2594 spectarit
727 2530 777 2580 ‘ubi
788 2538 879 2594 pagani·
886 2535 964 2581 orata'
974 2533 1011 2582 ad
1017 2529 1135 2584 Herenn.

174 2605 194 2653 t,
208 2605 239 2648 13.
303 2596 324 2664 ὕ)
344 2598 394 2648 Eat
411 2601 579 2662 interrapatia
595 2599 728 2662 pronioris
748 2600 784 2651 ad
797 2600 972 2653 asserendam.
1030 2598 1052 2662 ⁶)
1072 2599 1137 2648 Nam

174 2671 200 2714 et
218 2667 356 2728 lecatorum
369 2668 530 2718 condiciones
547 2667 647 2717 tutab.
666 2667 721 2728 lepe
739 2665 801 2728 (mit
817 2668 929 2730 tepescit,
948 2669 985 2716 ita
1003 2669 1042 2716 ine
1060 2666 1136 2726 esto’)

175 2733 338 2794 confirmatae
357 2741 441 2783 erant.
509 2734 530 2798 7)
550 2738 651 2798 legatum
668 2733 759 2783 Moms.
779 2737 819 2787 ed.
839 2749 874 2784 era
895 2734 924 2782 V
924 2732 946 2782 d.
975 2733 1029 2783 Sed
1039 2734 1136 2796 ascesa.

174 2800 215 2849 hic
232 2815 282 2850 aaa
300 2804 414 2866 legatur:
432 2810 456 2852 ut
475 2812 497 2854 et
515 2805 592 2865 legata
609 2804 633 2852 d.
647 2818 670 2856 a.
683 2817 707 2850 c.
720 2809 736 2854 t.
754 2803 831 2866 possit
848 2803 906 2854 edd.
943 2798 998 2850 Sed
1015 2809 1041 2850 ut
1054 2817 1137 2865 praua

174 2871 301 2920 correctio
320 2872 432 2920 estnoci
449 2879 472 2920 et
487 2872 677 2935 superscripta.
763 2868 785 2932 8)
806 2869 845 2932 Cf.
865 2869 897 2922 L.
916 2877 937 2917 6.
957 2867 1006 2932 88.
1024 2878 1045 2917 t.
1064 2877 1084 2918 a.
1103 2869 1136 2918 D.

175 2937 207 2986 de
224 2937 307 2998 usust.
326 2935 362 3001 (t,
382 2935 413 3000 1).
449 2939 505 2992 Gai.
525 2950 545 2998 r,
563 2948 597 2993 tit.
627 2939 660 2992 L.
679 2946 700 2985 9.
724 2937 757 2988 D,
783 2939 815 2986 de
839 2937 888 2987 obl.
912 2944 937 2986 et
958 2944 1008 2988 act.
1033 2935 1082 3000 (aa,
1102 2935 1135 3000 7).

174 3001 196 3066 ⁹)
216 3003 349 3069 Suppleni,
367 3021 428 3057 noce
450 3008 498 3066 uei,
523 3023 589 3073 qnae
610 3008 637 3056 in
658 3005 733 3065 Vnt,
748 3007 849 3056 amima
872 3019 893 3054 e.
913 3005 935 3058 d.
957 3002 1001 3069 (=
1019 3006 1137 3056 communi

175 3071 314 3138 diuidundo)
333 3082 393 3124 ante
411 3077 609 3139 mancipationem
627 3073 809 3136 aberraverat,
828 3073 876 3124 hae
893 3081 1022 3126 reuocata.
1088 3071 1135 3135 130)

175 3152 246 3235 posse
271 3141 331 3190 Vat.
376 3157 446 3206 passe
473 3158 515 3207 per
542 3145 583 3192 ed.
611 3143 706 3192 Hottw.
756 3142 849 3192 Veram
876 3143 950 3190 etiam
976 3142 1067 3192 Maras.
1094 3142 1135 3190 ed.

187 3203 197 3268 )
220 3207 280 3257 Vct.
305 3211 471 3260 usumfructum
483 3213 523 3260 ed.
537 3211 631 3260 Heliae.
706 3207 728 3274 ²)
748 3211 899 3260 coustitutum
915 3209 1135 3262 Vat.ed.Haltw.

177 3271 198 3333 3)
216 3272 262 3322 Ita
279 3275 369 3326 Mans.
390 3279 431 3327 ed.
466 3279 552 3328 dehere
575 3279 647 3336 Vah,
667 3279 736 3342 quod
754 3279 869 3340 fortasse
891 3277 987 3339 factam
1009 3291 1045 3325 ex
1068 3277 1138 3326 debet

177 3355 207 3390 ne
229 3338 309 3404 ipsam
336 3349 363 3390 at
389 3347 519 3409 tepentium
546 3347 594 3395 sit:
622 3346 706 3402 debet,
734 3361 763 3394 ne
789 3361 828 3395 res
853 3351 942 3408 pereat.
986 3343 1027 3407 Of.
1055 3341 1083 3407 8.
1102 3352 1138 3394 aa.

176 3403 198 3539 4)
216 3405 346 3472 Sappteui.
387 3410 503 3462 Ceteram
525 3414 559 3474 cf.
582 3413 614 3462 L.
633 3421 658 3461 26
677 3428 721 3477 pr.
744 3411 777 3463 D.
801 3414 833 3462 de
856 3427 913 3462 esca.
939 3427 962 3464 r.
976 3413 1004 3462 ,ιζ
1028 3409 1080 3475 (tt,
1096 3411 1136 3475 2).

176 3471 187 3504 ⁶
218 3475 258 3538 Os.
279 3476 357 3526 uruat
374 3479 458 3530 Pand.
477 3480 529 3530 IX.
547 3496 574 3544 p.
593 3488 626 3532 er.
666 3493 670 3500 ·
