2634 3966
187 181 236 228 110
491 192 553 227 aare
572 193 676 228 rusrir.
695 181 712 228 l.
732 181 840 229 35-40.

185 353 440 390 —ssm—--vu
460 335 788 390 1-12.--*----—-
833 332 871 392 35
875 379 1008 392 ......
1028 339 1068 394 'se'
1082 355 1154 396 itero

185 421 318 476 Latinam
334 429 339 482 l
354 423 515 477 libertatem
531 419 567 475 ab
584 415 616 475 eo
633 427 799 476 consecutus
816 425 860 492 stt,
880 425 963 478 coires
979 430 1089 479 tantona
1103 432 1107 485 t
1123 429 1153 480 in

186 507 266 560 ionis
277 505 389 577 suerat,
413 508 607 562 consentiente
623 520 655 561 eo
666 511 770 575 petere
785 507 876 576 dehet,
895 513 899 567 Ι
919 511 1003 563 coins
1016 511 1046 562 tn
1063 525 1095 564 ea
1111 510 1154 564 ius

186 588 328 656 Quiritium
348 589 440 645 luerit.
472 606 534 644 oum
557 593 629 646 enim
651 597 773 650 seraosl
789 593 915 646 eiusdem
930 585 1068 648 uomint³⁶
1084 600 1111 648 et
1125 595 1154 647 in

184 674 262 728 bonis
279 680 305 728 et
322 691 354 728 ex
369 676 427 728 iure
440 672 583 740 Quiritium
598 675 642 737 sit,
655 675 836 732 manumissus
848 674 879 730 ab
895 676 991 731 eodem
1008 677 1111 732 scilicet
1127 686 1157 732 et

184 757 368 814 Latinus'lieri
383 765 474 832 potest
490 766 516 815 et
533 760 575 813 ias
591 756 735 825 Qniritium
750 761 890 831 consequi.

246 839 296 899 36.
321 844 385 900 lion
408 850 503 900 tamen
526 847 695 916 catonemque
722 846 830 900 nolenti
848 849 1050 900 manumittere
1074 849 1153 902 ticet.

182 925 229 1000 37.
246 928 321 984 Nam
331 933 364 999 is,
383 932 434 1000 qai
447 929 475 983 in
491 928 612 983 fraudem
628 928 793 983 creditorum
808 928 852 983 uel
867 930 895 983 in
911 929 1033 984 fraudem
1044 931 1152 1002 patroni

184 1014 356 1076 inanumittit,
372 1013 439 1067 nihil
455 1015 519 1086 agit,
538 1014 599 1086 quia
614 1013 657 1068 lex
672 1012 747 1068 Aelia
763 1012 855 1068 Soulia
870 1014 974 1087 inpedit
988 1013 1149 1070 libertatem.

182 1095 230 1154 38.
255 1097 322 1153 Item
344 1097 437 1153 eadem
458 1098 519 1171 lege
541 1097 638 1152 minori
657 1115 699 1152 xx
720 1113 853 1152 annorum
872 1097 981 1154 domiuo
1003 1115 1059 1154 non
1074 1100 1153 1154 aliter

133 1191 172 1238 10.
184 1184 372 1238 manumittere
399 1183 578 1256 permittitur,
607 1198 686 1255 quam
711 1183 735 1237 si
760 1181 878 1237 uindicta
903 1185 975 1256 apud
999 1177 1151 1260 conisilium

183 1269 254 1322 iusta
280 1284 360 1323 causa
389 1268 606 1324 manumissionis
635 1266 781 1340 adprobata
811 1261 1046 1324 ’manumiserit.⁷
1098 1266 1149 1325 39.

182 1352 272 1407 iustae
288 1360 376 1408 autem
393 1367 488 1408 causae
504 1353 720 1408 manumissionis
736 1359 800 1407 sunt
821 1352 906 1407 ueluti
927 1355 950 1408 si
966 1354 1026 1425 quis
1046 1362 1151 1426 patrem

184 1444 228 1491 aut
245 1445 357 1493 matrem
373 1445 419 1492 aut
433 1437 623 1510 paedagogum
635 1442 680 1488 ant
691 1435 896 1492 conlactaneum
908 1439 1086 1493 manumittat.
1103 1437 1152 1492 seal

184 1530 211 1577 ct
231 1522 293 1576 illae
315 1538 422 1583 causac,
446 1536 512 1591 quas
533 1519 657 1588 superius
678 1518 705 1571 in
727 1534 808 1574 seruo
824 1523 927 1576 minore
942 1539 1005 1578 xxx
1019 1539 1151 1578 asinorum

184 1609 366 1679 exposuimus,
384 1603 415 1657 ad
432 1603 504 1656 hunc
519 1617 628 1672 quoque
645 1617 744 1665 casum,
762 1601 795 1656 de
811 1619 866 1675 quo
881 1604 1035 1677 loquimur,
1052 1607 1151 1662 adferri

182 1697 308 1763 possunt.
339 1690 403 1742 ilem
419 1702 451 1739 ex
471 1684 580 1740 diuerso
599 1685 646 1741 hae
668 1703 763 1740 causae
780 1703 846 1758 quas
867 1689 895 1741 in
917 1691 1021 1743 minore
1041 1709 1083 1746 xx
1104 1707 1151 1744 an-

183 1789 280 1828 norum
302 1771 410 1825 domino
431 1769 600 1832 rettulimus,
623 1771 727 1843 porrigi
747 1779 864 1844 possunt
884 1781 912 1827 et
928 1773 960 1827 ad
976 1789 1086 1828 seruum
1100 1774 1151 1827 ini·

182 1873 276 1936 rnorem
297 1872 361 1910 xxx
382 1870 523 1909 annorum.
574 1851 625 1915 40.
650 1853 717 1909 Cum
740 1872 806 1928 ergo
827 1864 917 1912 certus
939 1856 1035 1912 modus
1056 1873 1150 1912 marau-

183 1939 306 1995 mittcndi
327 1938 476 1996 minoribus
497 1958 539 1995 xx
559 1956 692 1995 annorum
720 1940 834 1995 dominis
858 1957 906 2014 per
933 1942 1021 2015 legem
1048 1942 1149 1997 Aeliam

182 2177 213 2223 tis
226 2175 345 2223 Latinam
357 2190 415 2239 cant„
426 2173 594 2236 anoresorte
612 2189 661 2222 aon
681 2189 716 2223 soc
733 2175 787 2237 leae
801 2176 834 2225 A.
848 2173 875 2223 S.
895 2176 982 2236 ducta,
1000 2176 1024 2224 si
1040 2177 1150 2224 eiusdem

181 2243 337 2292 coradicionis
349 2246 395 2301 sit,
413 2247 438 2290 et
451 2258 504 2290 cam
516 2241 603 2290 liberis
620 2243 657 2290 ita
669 2248 698 2289 at
708 2244 734 2289 in
748 2249 902 2304 patestatem
919 2245 972 2292 eins
988 2245 1148 2307 redipantnr,

181 2312 306 2360 ciuitatem
316 2311 387 2360 Rom.
400 2311 511 2372 adipisci
523 2305 568 2371 (af.
582 2308 662 2360 ‘Gai'.
674 2325 701 2373 p.
718 2309 761 2370 tu).
780 2312 865 2360 Aliam
880 2326 935 2360 esse
947 2326 1048 2360 causam
1059 2320 1079 2363 t.
1094 2311 1148 2359 La·

182 2380 249 2426 tinae
262 2384 303 2426 ter
317 2379 426 2433 enimam
438 2387 458 2428 3.
472 2376 586 2438 beneficii
596 2378 749 2440 principalis
763 2375 833 2442 (Uip.
847 2387 867 2436 3,
883 2388 901 2426 1.
914 2383 947 2442 2).
978 2377 1053 2426 Haec
1071 2380 1150 2440 ipitar

181 2447 360 2509 occupaverint
376 2461 402 2508 p.
416 2453 437 2494 u.
457 2450 558 2508 partem
579 2446 699 2506 priorem.
746 2443 779 2506 ³⁸)
805 2445 851 2494 Aa
869 2447 1018 2495 sententiam
1039 2446 1146 2494 restitui.

181 2513 251 2566 End.
264 2516 290 2562 in
305 2512 437 2576 prioribus
454 2519 549 2559 trentam
565 2511 659 2561 habent
676 2521 859 2562 consecutus-
875 2515 912 2562 ius
924 2513 1048 2571 Quiritium
1069 2514 1147 2563 luerit.

183 2581 297 2630 Ultimum
310 2584 435 2636 incarnare,
455 2581 480 2628 in
494 2595 544 2644 qua
556 2581 615 2629 edd.
628 2588 757 2642 postremo
771 2589 864 2629 tantuna
877 2581 970 2630 liabent
983 2583 1022 2628 ‘si
1034 2582 1088 2645 quis
1101 2581 1148 2628 aii-

181 2651 274 2706 caias'‚
293 2649 396 2712 captavi
411 2649 545 2698 secandam
568 2649 658 2696 dactus
676 2648 716 2706 0.,
741 2650 767 2696 in
785 2665 834 2713 qao
849 2649 945 2711 suerit:
967 2651 988 2696 c'
1008 2662 1044 2696 em
1062 2649 1148 2698 serial

181 2717 254 2765 eiusd.
269 2717 367 2766 domini.
385 2717 455 2764 Pnta
466 2731 526 2765 aero
541 2715 628 2764 Gaiam
640 2717 672 2764 cle
685 2716 804 2777 beneficio
814 2717 956 2780 principali
967 2719 1072 2766 locatam
1085 2731 1148 2772 esse,

181 2792 207 2832 at
223 2785 270 2833 aaa
285 2788 432 2848 pertineant
450 2792 474 2840 a,
487 2791 520 2834 aa.
534 2791 566 2834 aa.
585 2791 611 2832 et
622 2784 688 2834 Ptin.
708 2799 749 2847 ep.
764 2793 801 2841 so,
814 2792 833 2833 4.
848 2794 859 2832 s
873 2779 928 2847 (m).
944 2793 978 2832 tos
993 2781 1063 2846 (ros).
1094 2783 1150 2832 Nec

181 2867 240 2901 uera
258 2851 282 2904 lt.
296 2855 311 2901 l.
328 2852 464 2916 probatur,
484 2852 552 2917 qaod
563 2849 613 2916 Bp.
626 2851 675 2900 silai
689 2853 827 2913 persuasit,
845 2866 891 2914 epo
908 2866 992 2900 verant
1010 2868 1059 2902 non
1075 2859 1147 2914 pata,

180 2921 270 2968 heredi
286 2923 324 2969 ias
341 2922 484 2969 iterationis
503 2935 552 2968 non
569 2921 735 2982 competiisse.
783 2918 803 2981 ⁷)
825 2919 895 2968 luerit
909 2918 935 2968 0.
955 2920 1012 2968 aaa.
1027 2919 1066 2981 Cf.
1080 2917 1146 2967 Inst.

179 3059 195 3063 ν
204 3057 381 3064 -ῄ-ψ..

180 3151 225 3190 235.
308 3139 334 3208 ξ.
348 3143 389 3194 36.
412 3140 471 3192 Via.
489 3142 533 3190 ad.
547 3138 574 3203 S.
589 3138 636 3189 tib.
649 3141 692 3188 cit.
773 3137 817 3206 §§.
830 3141 872 3190 36.
886 3140 928 3188 37.
941 3156 975 3182 =
983 3153 1027 3201 pr.
1042 3137 1067 3188 I.
1080 3137 1147 3202 quib.

180 3227 215 3259 ea
232 3224 301 3258 cans.
318 3225 424 3259 mannan.
438 3210 468 3271 (1,
482 3208 514 3271 a).
539 3208 579 3271 Os.
595 3207 653 3271 Ulp.
669 3217 737 3264 l,15.
819 3205 845 3274 §
859 3208 903 3257 38.
920 3224 955 3248 =
972 3203 1031 3268 S·⁴·
1049 3205 1074 3254 I.
1089 3206 1146 3254 eod.

182 3277 220 3338 Cf.
235 3277 293 3341 Uip.
308 3287 326 3334 1,
341 3287 372 3327 13.
396 3277 441 3328 Fr.
455 3276 553 3326 Dositit.
569 3284 600 3328 13.
619 3276 679 3325 Lex
691 3275 762 3324 Flac.
777 3275 849 3339 Satp.
863 3284 895 3324 28.
915 3275 947 3324 L.
961 3282 981 3322 1.
1002 3273 1030 3323 θ.
1044 3274 1076 3322 de
1089 3279 1147 3324 test.

180 3349 227 3395 atil.
242 3343 274 3409 (6,
286 3344 332 3409 21).
414 3342 440 3413 ξ.
453 3346 493 3394 39.
515 3343 555 3406 Of.
569 3353 588 3405 t,
603 3352 635 3392 19.
655 3342 682 3406 3.
696 3354 715 3393 5.
735 3342 758 3391 I.
774 3344 840 3408 quib.
858 3359 893 3392 eac
911 3358 933 3392 a.
949 3358 1054 3391 maneam.
1069 3336 1101 3402 (1,
1114 3339 1146 3402 a).

179 3415 212 3464 L.
225 3423 245 3464 9.
262 3422 354 3463 tl-lt.
368 3422 400 3466 111.
413 3423 445 3463 10.
459 3422 492 3461 tt.
512 3412 544 3460 D.
559 3414 591 3462 de
607 3426 712 3459 manum.
730 3412 797 3460 vind.
813 3408 856 3475 (10,
869 3410 901 3473 2).
922 3410 955 3458 l..
968 3419 1001 3457 21.
1019 3409 1053 3457 D.
1068 3409 1149 3472 quiet

179 3499 194 3528 a
212 3481 278 3546 qeaib.
292 3498 396 3530 marteine.
414 3482 456 3544 (40,
470 3477 502 3544 9).
582 3476 607 3545 ξ.
621 3481 661 3528 40.
683 3477 721 3541 Of.
743 3478 770 3542 3.
783 3487 803 3528 7.
821 3477 845 3526 1.
860 3477 927 3541 quib.
946 3492 982 3525 ex
999 3492 1021 3525 e.
1040 3491 1145 3526 manacta.
