2648 3974
426 211 566 270 vonvs1vs·
582 211 742 248 Maenianis
764 200 873 249 77—80.
1083 204 1132 252 339

167 351 244 407 uelut
259 353 397 415 semisseS,
420 355 465 426 qui
480 354 604 428 singulae
618 361 765 416 uocantur,
790 361 817 409 et
833 362 962 427 quattuor
976 355 1054 412 uelut
1068 375 1132 430 qna-

167 437 293 499 drantes‚
310 437 356 508 qui
373 439 487 495 teruncii
505 447 651 501 uocantur,
668 438 807 494 diuiditur.

229 517 272 578 77.
295 520 426 576 Ponderis
443 522 535 578 eadem
551 522 648 578 diuisio
665 531 720 586 est,
748 541 816 596 qnae
835 525 917 587 aeris;
947 526 1050 580 namin
1067 542 1131 598 quas

164 613 257 678 partes
273 621 300 659 as
317 605 458 668 diuiditur,
480 609 508 662 in
530 607 576 663 has
593 607 658 663 libra
674 607 852 682 disperditur.
862 603 888 642 ⁴¹
931 604 977 666 78.
1003 608 1050 664 'Et
1065 608 1131 680 (clis-

162 681 320 761 ρεντὶἱιιν)2
335 691 371 744 ita
386 707 413 744 as
430 691 552 764 quidem.
577 708 626 747 seu
642 691 675 747 de
691 693 825 748 diuisione
841 693 934 756 solidi,
952 693 1049 748 sende
1065 711 1132 766 pon-

166 774 243 836 dere,
266 790 315 828 seu
331 772 363 828 de
379 783 517 830 numerata
531 777 560 830 in
575 792 636 832 aere
651 778 764 850 pecunia
780 786 888 852 agotum
916 777 984 833 lihra
999 786 1088 833 antem
1104 780 1131 833 in

164 858 301 931 pondere,
328 860 429 914 nummi
456 861 541 915 ’aerei
563 849 634 932 (nt)³
659 864 782 935 argentei
803 863 830 928 in
856 855 1019 934 ’pecuniae4
1046 862 1131 918 iorma

166 940 274 1015 publiea
291 943 428 998 dumtaxat
443 961 541 999 nomen
557 946 700 1019 accipiunt,

209 1022 275 1083 lb.
299 1026 483 1082 Mensurarum
503 1028 617 1101 liquoris
638 1037 719 1102 atque
740 1031 816 1104 grani
838 1031 989 1103 expeditior
1003 1040 1031 1086 et
1046 1031 1132 1086 forma

139 1127 142 1132 ·
166 1119 194 1166 et
209 1110 364 1183 appellatio.
403 1128 463 1166 nam
479 1113 645 1185 quadrantal,
661 1114 736 1186 quod
751 1130 824 1169 nuno
838 1115 962 1188 plerique
978 1116 1132 1188 amphoram

165 1203 277 1258 uocant,
295 1195 375 1250 hahet
392 1197 566 1258 manninas,
583 1198 689 1252 modios
705 1206 774 1259 tres,
791 1199 928 1254 semodios
944 1215 1000 1262 sen,
1017 1201 1131 1272 congios

111 1333 113 1338 .
166 1288 238 1342 octo,
254 1281 385 1335 sextarios
402 1280 579 1353 quadraginta
595 1289 666 1344 octo,
684 1283 802 1338 heminas
819 1285 967 1357 nonaginta
982 1300 1037 1344 ser,
1054 1300 1132 1356 qnar-

165 1366 248 1419 tarios
270 1373 377 1419 centnm
393 1366 540 1438 nonaginta
555 1365 624 1428 duo.
648 1366 758 1440 cyathos
780 1369 946 1442 quingentos
962 1369 1132 1441 septuaginta

166 1465 222 1503 sen.
268 1447 321 1505 80.
345 1449 429 1504 Nolae
445 1446 665 1505 mensurarumz⁵

471 1533 660 1606 quadrantalis·
696 1551 728 1606 ql

471 1633 554 1674 urnae
696 1634 734 1692 qs

168 1747 370 1754 --—-—-.-——

164 1866 287 1922 sedecim,
299 1869 433 1915 sestertius
446 1873 566 1931 quattuor
582 1881 656 1916 arses
673 1870 757 1916 ualere
770 1869 909 1930 coepisset,
922 1867 1034 1926 libellae,
1047 1869 1133 1929 singu·

165 1937 206 1984 lae
218 1941 244 1982 et
256 1935 365 1983 teruncii
381 1937 479 1984 aomina
497 1950 572 1984 sensu
586 1938 703 1996 generali
718 1937 803 1998 accipi
819 1936 981 1997 inceperunt,
995 1942 1022 1982 at
1038 1936 1133 1997 signifi-

165 2009 255 2050 carent
267 2003 386 2066 cuiusque
398 2003 517 2064 argentei
528 2004 617 2051 nummi
621 2043 627 2062 ‚
641 2004 682 2051 cui
698 2005 906 2066 applicarentur,
920 2002 1051 2058 declinam,
1064 2004 1130 2050 nice-

166 2070 265 2126 simam,
291 2071 510 2133 quadragesimam
530 2076 640 2132 partem.
678 2069 751 2119 Unde
775 2083 878 2118 necesse
903 2075 973 2127 erat,
997 2075 1025 2117 ut
1052 2070 1076 2116 si
1099 2071 1135 2116 cal

145 2139 310 2186 senlacium»
330 2138 398 2186 ratio
420 2139 600 2200 conficeretur,
624 2138 650 2185 ia
669 2138 856 2199 significatione
878 2139 947 2184 aerio
970 2139 1132 2184 excurrentis

165 2205 318 2266 computatio
331 2211 476 2268 augeretur.
500 2205 627 2253 Ponamas
639 2207 788 2266 coemptum.
811 2202 845 2251 In
858 2205 961 2268 antiquo
973 2205 1091 2252 sestertio
1104 2219 1133 2250 as
1225 2235 1229 2242 -

167 2286 310 2322 ennarrans
322 2271 458 2321 notabatur
471 2299 502 2308 -
515 2279 539 2321 et
552 2271 689 2321 vocabatur
701 2270 798 2332 libella,
811 2272 838 2319 in
851 2287 914 2320 nono
927 2269 1063 2321 notabatur
1072 2271 1133 2318 :a

165 2338 341 2388 etoocabatur
358 2341 423 2388 dane
436 2339 534 2389 libellae
551 2340 687 2388 teruncius.
722 2339 760 2400 Of.
774 2336 801 2401 8.
814 2347 847 2386 68.
899 2335 931 2402 41)
951 2338 1026 2388 Assia
1040 2345 1134 2402 partes

167 2407 250 2455 animo
260 2408 394 2469 finiuntur,
412 2422 491 2471 eaque
504 2408 594 2456 divisio
611 2408 771 2470 appellatum
788 2406 868 2455 librae
886 2421 945 2455 nero
961 2413 1053 2470 partes
1067 2409 1133 2468 ficcrzt

164 2475 314 2538 pendendo,
337 2476 406 2538 quod
417 2475 572 2537 dispendere
585 2476 756 2523 olimdixere.
789 2473 828 2536 Cf.
843 2471 870 2536 8.
885 2482 918 2525 81.
971 2471 992 2536 2)
1012 2473 1135 2537 Suppleoi

168 2557 204 2590 eae
218 2543 333 2591 anteced.
357 2543 473 2600 [Dicitur]
485 2545 524 2591 ecl.
539 2541 630 2592 Monte.
661 2542 698 2590 At
710 2544 736 2590 in
745 2543 863 2605 pondere
877 2557 927 2591 non
939 2557 969 2590 as
981 2543 1075 2590 dieitur
1087 2543 1134 2590 secl

168 2607 248 2662 llbra;
261 2609 405 2671 dispertitio
419 2617 513 2658 tantum
525 2611 613 2658 eadem
625 2615 670 2658 est.
702 2610 742 2666 Et,
761 2611 830 2673 quod
845 2610 871 2658 in
884 2609 915 2658 P.
934 2609 964 2660 V.
983 2617 1008 2658 et
1024 2610 1082 2658 edd.
1096 2615 1133 2656 est

170 2683 229 2724 ante
243 2675 316 2733 libra,
328 2677 375 2726 buc
387 2680 511 2727 revocavi.
564 2676 585 2740 3)
604 2676 717 2740 Scripsi;
731 2693 787 2726 nero
800 2677 831 2726 P.
849 2677 880 2726 V.
893 2678 967 2737 eda,
982 2692 1030 2740 quo
1043 2692 1133 2725 errore

168 2744 297 2793 commisso
311 2752 335 2792 ut
347 2747 461 2794 omissum
473 2752 521 2794 est.
566 2742 588 2808 ⁴)
602 2746 701 2808 pecnnia
714 2746 745 2794 P.
763 2745 794 2793 V.
809 2746 868 2793 edd.
915 2741 935 2808 ⁵)
950 2743 1045 2794 Erebis
1058 2752 1133 2792 notae

167 2809 350 2872 Quadrantalis
363 2820 389 2861 et
400 2813 485 2863 Medii
494 2813 582 2870 solidi,
595 2828 729 2877 eorumque
742 2811 871 2869 Satnioeis,
890 2826 970 2860 urnae
983 2817 1008 2860 et
1019 2813 1133 2867 remedii,

166 2883 351 2944 eoeptanatione
371 2895 421 2928 non
442 2888 524 2943 egeat.
554 2880 625 2928 Nota
646 2881 729 2944 congii
746 2881 862 2942 fortasse
884 2886 922 2928 est
941 2876 1132 2941 Q(uadrantall,
1183 2895 1197 2908 c·

165 2949 279 2998 subiecta
296 2953 358 2997 nota
374 2949 515 2997 semunciae
533 2946 572 3011 (3.
587 2947 634 3006 5.):
654 2963 800 3012 quamquam
817 2949 870 2995 atta
885 2947 970 3008 formu
988 2947 1133 3008 conprimere

165 3016 265 3065 videtur
277 3017 380 3064 litterae
395 3015 560 3064 Osabieetam
572 3017 683 3079 prienam
697 3015 718 3064 G
731 3012 880 3076 (ConGius).
911 3013 1049 3063 Scutarios
1061 3021 1132 3062 nota-

166 3091 207 3132 tur
218 3085 324 3140 sicilico,
338 3085 398 3148 quia
409 3087 431 3132 is
443 3090 490 3142 est,
503 3091 530 3132 ut
541 3089 611 3132 recle
622 3082 670 3146 Bp.
684 3083 868 3139 animadvertit,
882 3083 1059 3146 quadrantalis
1069 3097 1134 3144 pars

167 3153 364 3214 quadragesima
385 3158 475 3200 octana
498 3147 537 3213 (S.
558 3150 619 3214 to.);
641 3153 667 3200 in
691 3150 777 3199 Grano
799 3151 824 3198 ei
842 3151 965 3213 praesicca
986 3150 1085 3198 videtur
1104 3149 1132 3196 G.

169 3218 277 3267 Ceterae
290 3225 365 3268 notae
378 3234 413 3268 ea
424 3221 541 3269 sextario
554 3220 672 3268 uidentur
686 3219 809 3281 pendere.
831 3219 956 3266 Heminae
975 3224 1056 3265 tamen
1074 3223 1133 3264 nota

164 3286 250 3348 fuerit
265 3287 369 3336 initialis
386 3289 473 3337 littera
491 3286 607 3342 Graeca:
629 3301 774 3350 quamquam
796 3287 848 3334 ulia
868 3287 994 3348 significat
1014 3284 1134 3332 sicilicum

167 3353 331 3403 dimidiatum.
373 3352 505 3413 Quartarii
524 3354 638 3415 fortasse
659 3357 766 3412 primum
794 3355 890 3416 signum
917 3347 1076 3413 Tieruncias)
1100 3367 1134 3391 Ξ

167 3422 312 3487 quadrans,
330 3423 435 3470 alterurn
452 3429 585 3472 contracta
602 3428 662 3470 nota
678 3421 789 3470 scutarii
806 3422 842 3468 ud
856 3435 976 3483 granum·
999 3418 1053 3466 eius
1070 3417 1133 3464 enirn

167 3491 317 3555 quartarius
330 3497 473 3554 autquarta
485 3505 557 3553 pare.
581 3489 675 3554 Cynthi
687 3495 771 3538 nolam
783 3503 833 3536 noa
845 3488 964 3550 intelligo.

865 3569 929 3628 22*
