2614 3960
441 196 544 235 rasum.
563 196 620 232 tva.
638 197 703 237 aon.
723 197 816 233 vanrc.
1064 186 1114 235 tta

141 338 296 388 oneratum.
334 333 423 396 Quid?
447 335 518 398 quod
537 333 709 385 Theodosius
728 335 756 384 in
776 338 864 384 const.
886 335 920 384 de
939 336 990 384 Tb.
1011 335 1042 386 O.
1064 351 1113 386 au-

146 405 279 456 ctoritate
299 400 327 466 S.
347 405 371 452 3.
396 417 456 451 cum
479 402 644 452 collaudatis
669 406 754 452 antea
777 403 820 452 sui
839 401 951 452 Codicis
971 405 1114 454 confecto-

143 473 234 531 ribus,
263 469 431 532 idsteten,
463 470 567 533 inquit,
601 470 687 519 nube
719 470 938 532 voluminum,
972 471 1005 519 in
1037 473 1112 535 qui-

143 541 206 589 bus
225 536 402 586 multorum
420 537 508 586 nihil
533 536 941 600 explicantiumaetates
964 540 1112 588 attritae

143 609 236 667 sunt,
256 604 475 668 compendiosam
498 604 632 654 divalium
657 605 883 654 constitutionum
906 606 1054 656 scientiam
1079 622 1113 656 ex

146 674 172 725 d.
196 671 371 722 Constantini
398 673 567 736 temporibus
591 670 750 722 roboramus
779 671 849 721 nulli
877 677 940 736 post
968 671 1025 726 kal.
1051 674 1111 725 Ian.

144 754 279 790 concessa
297 739 413 788 licentia
432 739 468 788 ad
490 740 579 789 forum
600 773 607 788 .
626 780 631 790 .
652 781 659 792 .
678 739 721 788 ius
745 737 899 803 principale
923 739 1031 789 deferre
1051 775 1057 790 .
1078 778 1084 788 .
1105 777 1111 789 .

144 809 200 857 nisi
218 823 252 856 ex
269 807 312 855 his
331 806 464 856 videlicet
482 806 575 867 libris,
596 807 642 870 qui
660 807 690 855 in
711 807 798 858 nostri
813 807 931 856 nominis
948 809 1112 858 vocabulum

146 875 328 924 transierunt’
349 878 402 924 etc.
422 875 517 941 primis
535 873 593 922 illis
611 874 703 924 verbis
718 880 813 937 aperte
827 874 998 924 demonstrat
1015 891 1113 940 corpus

145 940 257 1006 aliquod
269 942 346 999 iuris,
360 942 415 989 iam
429 941 585 991 confectum
597 941 728 990 Vaticani
742 946 798 990 tam
811 941 911 1001 simile,
932 947 962 990 ut
974 957 1054 992 ovum
1068 944 1114 992 ovi

145 1024 199 1060 non
217 1009 345 1060 videatur
362 1008 494 1069 similius3
515 1011 620 1057 namet
638 1007 783 1057 multorum
802 1023 934 1058 annorum
953 1009 1042 1059 fuisse
1060 1009 1113 1058 hoc

138 1092 224 1142 opus,
244 1076 316 1139 quod
334 1075 480 1124 multorum
497 1076 616 1124 virorum
629 1079 789 1138 susceptum
802 1077 941 1125 consortio
959 1076 989 1124 in
1006 1080 1113 1126 tantam

145 1144 246 1194 nubem
263 1142 431 1194 voluminum
450 1146 621 1201 excreverat,
640 1157 720 1190 nemo
738 1157 793 1192 non
811 1141 897 1192 facile
917 1143 1021 1192 credet.
1056 1146 1112 1194 Ita·

145 1227 198 1276 que
216 1216 247 1259 ut
265 1211 347 1274 plane
367 1210 468 1271 dicam,
488 1208 560 1272 quod
578 1209 677 1271 sentio,
697 1223 758 1258 cum
770 1224 874 1258 summo
893 1209 1031 1259 desiderio
1050 1226 1113 1273 pur-

146 1279 298 1344 gandorum
315 1278 384 1327 iuris
402 1277 517 1326 fontium
533 1275 613 1325 istius
632 1277 695 1326 aevi
713 1275 837 1326 homines
850 1274 1049 1338 tenerentur,-¹⁰
1069 1279 1113 1326 cui

147 1345 343 1396 satisfaciendi
367 1343 552 1394 aemulatione
576 1343 731 1392 occidentis
753 1348 782 1392 et
799 1343 913 1392 orientis
931 1343 1113 1407 imperatores

146 1415 221 1463 inter
243 1427 273 1462 se
297 1416 419 1462 certasse
438 1413 499 1476 ipsa
517 1410 710 1460 Valentiniani
728 1410 761 1460 de
779 1410 921 1474 responsis
939 1410 1113 1474 prudentium

148 1481 193 1530 lex
211 1484 239 1530 et
257 1479 408 1529 Theodosii
426 1479 651 1529 constitutionum
670 1477 757 1528 codex
775 1481 937 1542 argumento
960 1477 1047 1540 sunt,¹
1067 1480 1114 1528 vix

149 1547 243 1596 dubito
273 1549 338 1610 quin
365 1547 421 1594 iarn
450 1546 573 1595 anterior
600 1546 763 1609 imperator,
786 1545 863 1594 velut
887 1544 1041 1596 Honoriua²
1069 1546 1113 1595 vel

147 1615 216 1664 adeo
229 1614 302 1678 prior
314 1611 502 1663 Theodosius³
520 1614 636 1678 primum
649 1612 682 1663 de
697 1627 812 1678 corpore
825 1613 893 1661 iuris
912 1614 1114 1678 ‘magisterium
1190 1645 1191 1648 =

146 1683 222 1732 vitae
241 1682 424 1746 suscipiente’
445 1681 625 1745 cogitaverit,
645 1686 672 1730 et
695 1684 758 1744 post
783 1680 903 1740 demum,
925 1695 986 1729 cum
1009 1681 1113 1730 iussum

147 1749 182 1799 ab
207 1751 268 1814 ipso
290 1748 337 1800 vel
363 1749 418 1798 alio
440 1763 521 1812 opus,
545 1749 622 1797 cuius
645 1747 777 1811 reliquias
799 1742 954 1797 Vaticanus
978 1753 1113 1809 tenemus,

146 1833 224 1881 spem
242 1815 405 1874 fefellisset,
430 1831 482 1864 nac
505 1816 622 1880 probato
645 1830 677 1864 eo
702 1830 755 1863 nec
778 1814 934 1878 improbato
957 1813 1040 1877 (unde
1064 1814 1115 1862 ali-

147 1884 277 1948 quamdiu
289 1888 382 1931 tamen
394 1883 519 1932 homines
533 1899 565 1933 eo
577 1883 622 1932 usi
635 1897 696 1932 esse
710 1880 860 1946 videntur),
871 1885 901 1930 ut
913 1885 1007 1930 tamen
1021 1881 1113 1944 aliquo

147 1981 350 1994 -—--———-——

149 2053 279 2101 indicante.
379 2047 409 2111 ¹⁰)
430 2051 501 2100 Cuius
519 2047 739 2100 documentum‘cst
757 2051 841 2099 incerti
861 2049 966 2098 auctoris
984 2049 1026 2100 ‘de
1044 2050 1114 2098 rebus

147 2119 257 2168 bellicis⁷
276 2117 426 2181 opuseulum.
445 2119 485 2166 ubi
504 2133 526 2168 o.
544 2119 586 2168 ult.
605 2119 649 2167 ‘dc
667 2120 744 2177 legum
763 2118 799 2165 val
822 2117 881 2165 iuris
900 2118 1040 2166 conlusione
1057 2133 1112 2180 pur·

148 2187 241 2249 ganda'
262 2183 344 2247 (Nolit.
365 2185 447 2244 dignit.
467 2186 523 2247 imp.
542 2185 609 2233 Rom.
630 2200 656 2232 ex
675 2185 711 2237 ed.
725 2184 829 2234 labbaei
848 2183 922 2234 Paris.
942 2192 999 2232 1651.
1018 2199 1042 2247 p.
1056 2184 1112 2246 ist.)

148 2255 249 2305 ‘Divina
268 2253 438 2318 providentia'‚
458 2253 546 2316 inquit,
565 2253 742 2300 ‘sacratissime
760 2253 900 2313 imperator,
920 2251 983 2300 domi
1008 2252 1114 2315 iurisque

146 2324 206 2386 reip.
227 2321 353 2385 praesidiis
371 2320 521 2384 compositis,
546 2325 619 2368 restat
637 2333 708 2367 unum
731 2319 760 2367 de
779 2327 816 2366 tua
835 2320 962 2366 serenitate
984 2319 1115 2367 remedium

147 2391 177 2439 ad
200 2390 305 2438 civilium
328 2401 438 2436 curarum
461 2386 616 2443 medicinam,
645 2394 670 2434 ut
694 2387 805 2434 contusas
834 2387 911 2445 legum
935 2387 1114 2449 contrariasque

148 2458 289 2513 sententias,
314 2454 472 2517 improbitatis
495 2456 585 2502 reiecto
608 2454 697 2514 litigio,
724 2454 812 2502 iudicio
836 2460 947 2514 augustae
970 2453 1114 2513 dignationis

148 2524 282 2574 illumincs’
298 2515 346 2570 etc.
436 2518 455 2584 ¹)
475 2522 585 2577 Accedit,
604 2523 667 2584 quod
685 2522 828 2570 lastinianus
847 2521 915 2569 initio
934 2527 1010 2569 const.
1036 2522 1113 2570 llaec

146 2605 221 2654 quae
239 2591 415 2638 necessario
434 2589 462 2637 de
475 2603 534 2637 noro
548 2589 636 2638 Codice
649 2589 764 2637 iaciendo
772 2596 855 2636 auctor
871 2595 912 2645 est,
933 2589 992 2636 adeo
1011 2591 1066 2638 mul
1076 2591 1114 2636 tis

147 2666 211 2707 retro
229 2657 379 2720 principibus
398 2657 513 2705 eiusmodi
526 2656 650 2705 codicibus
663 2657 700 2720 ius
713 2655 833 2716 corrigere
851 2657 1013 2705 necessarium
1032 2658 1115 2710 visum,

147 2725 237 2776 nullum
256 2732 333 2772 tamen
351 2738 402 2772 rem
421 2725 451 2772 ad
470 2723 554 2772 exitum
572 2725 702 2787 perducere
720 2738 802 2772 ausum
821 2738 881 2771 esse.
960 2719 982 2786 ²)
1002 2724 1114 2772 Memine-

146 2791 235 2847 rimus
249 2793 318 2840 etiam
331 2792 442 2840 Notitiam
456 2791 593 2851 dignitatum
606 2793 728 2854 utriusque
745 2791 838 2854 imperii
858 2798 880 2837 et
897 2789 1003 2838 libellum
1018 2792 1117 2853 provin·

145 2862 237 2910 ciarum
250 2859 421 2924 imperantibus
434 2859 535 2908 Arcadio
549 2867 571 2907 et
582 2859 688 2908 Honorio
708 2859 870 2920 conscriptum
888 2870 949 2904 csse.
985 2856 1050 2906 Unde
1069 2857 1115 2905 lroc

145 2930 230 2978 saltem
248 2928 373 2991 probatur,
393 2934 493 2990 quantae
511 2932 565 2975 tunc
584 2941 655 2975 curae
672 2925 855 2988 imperatoribus
873 2923 955 2979 luerit,
975 2930 999 2972 ut
1021 2925 1115 2986 imperii

145 2995 320 3044 administratio
344 2996 374 3044 ad
399 3002 488 3043 certam
513 2995 613 3043 formam
641 2994 738 3057 scriptis
769 2993 932 3052 consignatam
961 2992 1115 3051 redigeretur.

146 3061 168 3122 3)
187 3061 215 3111 Ut
233 3063 295 3125 quod
319 3063 344 3110 in
362 3063 450 3112 Chron.
467 3062 575 3110 idatiano
600 3063 634 3110 vel
652 3061 759 3124 llispano
778 3059 833 3120 (nec
858 3067 935 3110 tamen
958 3059 983 3107 iu
1006 3059 1116 3107 omnibus

146 3130 198 3178 eius
217 3130 285 3178 codd.
304 3128 374 3190 mss.)
394 3131 493 3190 legitur:
513 3129 652 3178 ‘Undecimo
671 3143 733 3176 anuo
746 3127 894 3176 Theodosius
912 3127 978 3186 regni
998 3127 1034 3174 sui
1055 3125 1113 3186 (389)

147 3197 246 3244 Romam
265 3210 317 3244 cum
337 3197 387 3246 lilio
405 3197 511 3246 Honorio
529 3197 665 3257 ingressus,
689 3197 835 3256 legasque
854 3195 1048 3243 Romanorum
1068 3193 1114 3240 in·

147 3271 229 3323 tegra
253 3265 462 3312 emendatione
481 3264 594 3314 edidit'
613 3266 715 3326 itemque
733 3263 889 3312 aClaudiano
907 3263 931 3308 in
950 3259 1027 3309 Rufio.
1042 3268 1059 3314 t,
1079 3268 1113 3309 so.

146 3329 278 3390 significari
298 3330 401 3380 ridetur:
426 3331 528 3380 ‘lustitia
547 3332 650 3388 insultat,
670 3331 804 3394 vitiisquea
819 3330 893 3391 stirpe
905 3327 997 3382 recisis,
1017 3325 1117 3374 Elicit

146 3411 312 3460 oppressas
335 3398 495 3448 tenebroso
519 3413 531 3446 a
558 3413 685 3447 carcerc
710 3398 816 3457 leges’,
841 3395 871 3443 ad
890 3394 1033 3451 ,Vaticanum
1057 3409 1116 3456 opus

147 3465 266 3530 pertinere
284 3464 350 3512 cradi
368 3467 452 3528 possit.
