2648 3974
199 182 249 232 312
480 193 540 229 aum
559 191 663 230 rusam.
682 179 720 228 lll.
741 179 798 229 liri.
820 177 877 230 153.

197 353 273 399 nem,
305 353 354 394 nos
383 351 415 390 eo
440 335 586 390 interdieta
606 335 758 389 uincimus:
790 331 890 388 nullam
917 339 1005 387 autem
1031 333 1169 406 propriam

196 421 399 496 possessionem
426 419 535 476 habenti
561 419 680 473 accessio
708 419 837 494 temporis
865 433 915 472 nee
941 416 1020 472 datur
1039 433 1089 474 nee
1111 417 1168 473 dori

196 512 303 580 potest:
330 518 391 559 nem
407 505 446 566 ei,
475 502 548 576 quod
564 501 667 558 nullum
685 509 740 564 est,
762 499 827 556 nihil
844 501 970 556 eoeedere
985 509 1091 574 potest:
1118 501 1186 557 sed·

199 596 226 646 et
244 590 267 644 si
282 590 408 644 uitiosum
425 587 519 642 hebeat
534 587 751 660 possessiouem,
773 585 799 641 id
816 593 858 640 est
873 592 919 640 eut
935 587 962 640 ui
978 593 1023 640 eut
1038 585 1106 641 elem
1121 593 1171 640 eut.

197 674 320 748 precario
344 671 376 726 ab
397 671 553 726 aduersario
575 670 747 742 adquisitam,
774 687 831 727 non
853 669 951 732 datam
978 688 1044 726 nam
1061 674 1088 726 ei
1096 687 1186 742 pos-¹
1254 699 1256 701 ·

199 761 288 814 sessio
304 773 353 811 sue
369 755 436 810 nihil
450 755 572 829 prodest.
618 751 683 812 152.
707 755 801 810 Annus
817 760 906 809 autem
921 761 1059 810 retrorsus
1069 753 1171 810 'nume-

197 848 288 896 retur:
312 841 403 912 itaque
419 841 441 894 si
456 847 487 894 ta
502 837 578 894 uerbi
594 839 680 912 gretie
695 840 758 910 enni
773 837 910 894 mensibus
924 839 1079 912 possederis
1094 839 1172 912 prio·

200 924 273 980 ribus
289 939 317 986 v,
339 931 367 979 et
381 939 434 998 ego
449 939 495 980 vu
514 921 728 996 posterioribus,
751 939 804 996 ego
825 924 917 996 potior
939 939 986 978 ero
1009 927 1169 996 quantitate

198 1009 330 1064 mensium
357 1009 553 1081 possessionis;
581 1023 636 1064 nee
663 1005 709 1062 tibi
737 1008 764 1062 in
791 1004 844 1062 hoo
869 1006 1014 1062 interdieta
1035 1007 1169 1078 prodest,

199 1085 335 1166 'quod18⁴
354 1096 436 1163 prior
451 1098 500 1148 tna
514 1097 579 1148 etas
599 1093 662 1148 anni
673 1093 815 1163 possessio
831 1098 882 1147 est.
937 1085 1000 1147 153.
1024 1091 1170 1147 Possidere

199 1184 288 1232 autem
309 1175 434 1231 uidemur
453 1190 509 1232 non
530 1179 621 1232 solunt
642 1180 668 1232 si
686 1177 739 1246 ipsi
760 1175 969 1249 possideamus.
985 1175 1127 1231 sedetiam
1142 1178 1170 1230 si

198 1268 294 1316 nostro
314 1262 423 1316 nomine
446 1259 542 1334 aliquis
564 1261 592 1315 in
607 1261 781 1332 possessione
796 1261 845 1322 sit,
867 1259 931 1314 lieet
951 1262 977 1315 is
996 1267 1091 1317 nostro
1113 1260 1168 1323 iuri

200 1344 337 1399 subiectus
358 1361 413 1399 non
433 1345 483 1406 sit,
510 1344 598 1416 qualis
618 1352 659 1399 est
680 1343 794 1399 colonus
815 1351 849 1399 et·
863 1344 1024 1416 inquilinus:
1049 1359 1168 1418 pereas

199 1443 322 1502 quoque,
344 1430 417 1500 apua
436 1427 504 1500 quos
526 1427 746 1500 deposuerimus,
768 1436 814 1483 eut
835 1423 931 1502 quihus
953 1427 1168 1484 commodaueri·

131 1513 274 1572 239.mus,
299 1519 344 1565 eut
360 1510 457 1583 quibus
480 1495 664 1584 'prorutam
686 1505 886 1589 habitoitionem
903 1505 1168 1586 'praestiterimus‚⁶

201 1596 262 1649 ’tat
289 1593 386 1666 quibus
407 1589 650 1667 (usumfructum
672 1599 719 1652 ael
740 1610 822 1657 uorem
843 1594 1091 1668 conputuerimus,
1114 1597 1167 1669 ipsi

199 1676 339 1752 possidere
359 1677 495 1742 ueternum
518 1688 545 1736 et
565 1681 619 1736 hoe
638 1688 693 1742 est,
717 1681 789 1754 quod
811 1679 896 1755 uolgo
920 1681 1032 1742 dieitur,
1054 1681 1167 1736 retineri
1221 1671 1224 1676 ’

199 1763 401 1835 possessionem
422 1780 504 1836 posse
523 1781 573 1838 per
594 1763 753 1838 quemlihet,
781 1767 827 1837 qui
847 1773 942 1820 nostro
964 1767 1073 1822 nomine
1089 1766 1166 1821 sitin
1188 1805 1190 1809 .

199 1847 383 1919 possessione.
435 1849 501 1921 quin
530 1851 610 1903 etiam
640 1848 764 1922 plerique
793 1856 903 1922 putant,
936 1851 1023 1904 animo
1040 1863 1169 1922 ‚qnoque

200 1932 316 1987 retineri
330 1933 545 2004 possessionem,
568 1932 652 2006 ’quoe
667 1941 762 1989 nostro
778 1937 889 1990 nornine
905 1952 922 1989 a
938 1937 1016 1990 nnita
1032 1941 1167 1995 teneatur,
1205 1999 1207 2002 ¹

200 2017 312 2071 scilieet
327 2017 453 2088 quoniam
470 2025 475 2078 t
490 2018 655 2090 possidendi
668 2019 756 2072 animo
772 2017 847 2079 solo,
869 2033 948 2091 quam
965 2017 1051 2073 semel
1071 2018 1168 2088 adepti

197 2098 335 2170 fuerimus
351 2103 575 2171 possessionem,
596 2109 601 2163 Ι
623 2108 733 2157 tantam
753 2091 871 2157 retinere
891 2095 993 2174 posse8
1014 2101 1165 2157 uideamur.

200 2279 243 2344 ¹⁸⁴)
256 2296 315 2344 qaue
332 2284 367 2344 rj.
386 2297 468 2345 nuper
480 2281 571 2332 Keller
588 2289 679 2332 eontra
695 2290 798 2332 mentem
813 2281 877 2332 Gaii.
892 2308 893 2312 =
925 2281 946 2348 δ)
966 2281 1011 2331 Ea
1023 2281 1109 2332 Savin.
1128 2282 1165 2343 ej.

199 2349 243 2398 ed.
257 2348 361 2398 aaaron.
387 2349 425 2411 Cf.
438 2350 470 2398 L.
485 2358 508 2396 17
519 2365 561 2412 pr.
579 2349 612 2398 D.
626 2351 657 2399 de
671 2365 793 2416 praescr.
804 2366 828 2399 a.
843 2347 936 2412 (tine).
964 2347 1078 2412 L.15.S.
1094 2357 1110 2396 1.
1130 2349 1166 2398 D.

200 2417 232 2465 de
242 2431 347 2478 precor,
363 2416 405 2478 (53,
419 2415 463 2480 26).
481 2416 514 2464 t.
529 2425 547 2468 t.
561 2413 588 2478 8.
602 2425 622 2466 9.
635 2417 668 2465 D.
682 2419 714 2468 de
725 2417 765 2466 Itis
782 2419 826 2482 pai
836 2417 916 2482 effud.
932 2415 962 2480 (o,
975 2415 1007 2480 3).
1031 2417 1062 2468 L.
1077 2424 1110 2467 3².
1132 2417 1165 2466 D.

200 2484 232 2532 de
245 2484 331 2532 donat.
346 2480 389 2545 (39,
402 2481 435 2545 s).
454 2487 541 2532 ‘asam
550 2484 663 2546 fractam
675 2487 714 2533 oet
724 2499 793 2534 asam
806 2487 860 2534 aot’
874 2485 914 2536 ea.
927 2485 977 2549 Bp.
1023 2483 1045 2548 θ)
1057 2486 1167 2548 ptitueri-
1253 2488 1257 2496 '

200 2564 251 2600 mus
265 2551 291 2601 O.
310 2551 501 2599 constituerimus
515 2552 574 2600 edd.
587 2551 663 2600 etiam
678 2567 733 2600 mea
742 2553 825 2614 prior.
847 2551 900 2602 Sed
909 2554 1023 2616 pratalia
1035 2552 1166 2609 habitatio,

200 2633 264 2681 qaae
276 2619 363 2666 similis
375 2619 594 2675 esturmenta,
609 2620 729 2668 comatae·
739 2620 791 2668 diei
807 2631 857 2668 non
866 2626 964 2683 potest,
983 2621 1052 2685 quad
1061 2621 1168 2670 seraita-

200 2686 258 2733 tiune
269 2685 369 2734 verbam
381 2689 419 2732 eet
431 2687 569 2747 propriam.
608 2681 629 2750 7)
642 2686 718 2736 Haec
730 2688 846 2736 omittant
857 2689 914 2736 edd.
929 2689 1004 2736 enam
1015 2701 1070 2738 mea
1080 2688 1167 2750 prior.

200 2751 312 2814 {equibus
327 2786 332 2798 .
347 2787 353 2799 .
368 2787 373 2798 .
388 2766 409 2799 e.
424 2786 450 2802 ..
466 2788 471 2800 .
485 2767 522 2800 am
536 2751 681 2817 (gratuitam)
695 2755 874 2810 hebileltionem
888 2751 915 2804 0.
939 2755 1073 2820 Apparet,
1088 2754 1167 2804 libra-

199 2819 263 2867 riam
275 2819 324 2866 duo
336 2818 445 2867 membra
457 2821 592 2879 orationis,
607 2837 672 2886 puae
687 2823 811 2887 incipiunt
828 2830 867 2872 eut
881 2821 965 2885 qulbus
983 2822 1129 2884 confudisse
1142 2829 1168 2870 et

199 2901 253 2934 earn
261 2887 450 2949 poetscriptnm
459 2903 516 2951 pree
526 2890 591 2938 acuti
599 2889 764 2939 aberrassent
772 2891 809 2939 acl
814 2887 1036 2954 (commuuimus,
1044 2893 1168 2954 velletque

116 2959 121 2979 ‹
200 2954 314 3002 omissam
325 2953 456 3003 membrana
470 2958 538 3020 qaod
549 2959 690 3020 proximam
702 2965 741 3014 ert
750 2962 809 3006 an'te
818 2957 866 3006 hae
874 2957 974 3020 uerbum
983 2957 1167 3015 transcribere,

199 3033 289 3068 rursus
301 3021 327 3068 in
338 3023 551 3084 proponentium
564 3025 692 3073 incidisse.
723 3025 800 3075 Certe
817 3026 1032 3087 usufructuariam
1049 3032 1074 3075 et
1091 3039 1166 3074 asaa-

199 3087 263 3135 rinm
277 3087 416 3139 Gatasnon
429 3092 521 3140 omisit.
557 3089 578 3153 Β)
591 3091 687 3142 Priore
700 3095 740 3142 ed.
752 3093 926 3144 restituerem:
946 3096 1017 3156 ‘quoe
1029 3099 1110 3141 nostro
1123 3106 1167 3140 no·
1225 3112 1226 3115 ¹

199 3154 263 3204 mine
276 3172 292 3204 a
304 3157 402 3206 nemine
415 3165 521 3215 tenetur,
539 3165 565 3206 at
581 3157 680 3208 seilicet
696 3167 745 3210 tam
758 3169 764 3213 t
779 3160 925 3224 possidendi
936 3161 1015 3209 animo
1032 3161 1095 3216 solo,
1114 3173 1168 3207 eum

199 3325 249 3374 aio.
263 3331 337 3389 temp.
349 3341 392 3388 pr.
407 3323 450 3388 (aa,
464 3324 497 3390 e).
567 3323 593 3392 ξ.
608 3328 665 3377 152.
686 3325 725 3390 uf.
742 3328 885 3392 Tneapnl,
899 3337 931 3378 1⁵.
947 3325 973 3390 s.
986 3335 1007 3376 r.
1025 3325 1100 3379 Pani.
1113 3335 1132 3383 e,
1146 3335 1170 3376 a

199 3388 226 3454 3.
243 3400 260 3442 1.
279 3391 325 3444 Fr.
344 3391 403 3440 Vat.
417 3401 463 3442 on.
487 3393 580 3446 L.1uo.
600 3395 633 3444 D.
651 3397 683 3444 ae
700 3395 768 3445 verb.
783 3396 872 3460 stpntf.
887 3391 937 3459 (50,
953 3392 997 3459 re).
1067 3391 1094 3460 §-
1107 3396 1166 3444 153.

148 3469 149 3474 ’
195 3457 241 3519 Cf.
254 3455 282 3521 8.
295 3468 316 3510 5.
328 3458 353 3509 I.
367 3459 399 3509 de
411 3461 505 3509 interd.
521 3456 556 3522 (t,
570 3461 687 3524 15),οΛ
701 3463 812 3522 Panto,
828 3471 848 3511 π.
863 3460 889 3525 S.
905 3471 924 3514 1.
956 3461 1167 3526 episoiueroJof.
