2634 3966
216 165 249 217 96
638 241 642 250 ι
656 179 750 215 sarrs.

216 318 360 367 materiam
388 317 416 364 in
443 331 538 369 comm.
561 317 611 366 III.
639 315 712 366 tradi
738 315 940 377 intellexisset,
971 316 1026 366 iam
1055 318 1184 368 manibus

217 385 328 450 elapsus
348 387 424 436 esset
442 399 539 436 comm.
551 385 597 446 IL,
617 389 647 433 ut
665 389 805 449 corrigere
819 398 880 432 eum
898 398 954 433 non
971 388 1074 447 posset.
1099 385 1184 434 Deni-

218 467 269 518 que
288 456 312 515 3,
327 453 367 502 66.
387 467 442 501 rem
462 453 486 514 1,
503 453 543 502 22.
564 454 717 517 expositam
735 458 793 501 tam
811 451 878 510 late,
897 451 951 500 imo
970 451 1055 500 latius
1073 453 1184 516 repetit,

218 536 297 585 quam
316 536 369 570 non
387 522 496 584 poterat
518 522 559 567 ita
583 520 721 580 scribens,
746 523 777 568 ut
801 519 889 569 lector
908 519 1029 583 aprime
1049 535 1185 569 commen·
1244 565 1246 567 .

216 590 289 638 tario
312 602 421 649 recens,
444 586 489 636 vel
513 587 559 650 qui
583 586 701 637 eundem
720 591 796 636 certe
819 586 946 636 manibus
969 591 1090 649 teneret,
1119 593 1184 636 ante

218 655 312 706 oculos
329 656 358 704 'ei
375 658 540 704 versaretur.

285 724 338 772 Tot
360 737 426 771 vero
449 722 593 786 tantisque
616 721 681 771 libri
698 721 848 771 virtutibus
871 721 955 772 etiam
980 735 1125 772 successus
1144 737 1186 772 re·

218 789 337 856 spondit.
372 789 426 839 Per
444 789 517 839 hunc
530 788 616 838 Gaius
635 790 716 852 quasi
728 793 890 854 perpetuum
903 788 1100 840 initiandorum
1113 789 1185 838 The-

218 859 306 908 midos
324 856 499 907 sacerdotum
517 871 614 906 munus
633 857 750 922 adeptus
769 862 811 906 est
824 861 860 918 et,
874 857 936 905 dum
950 857 1028 906 stetit
1041 858 1186 921 imperium

217 926 378 986 Romanum,
399 924 522 976 retinuit.
559 924 640 974 Multi
662 925 773 973 maximi
796 924 913 974 nominis
930 922 991 973 lcii
1009 939 1069 974 eum
1089 928 1185 990 aperte

218 993 322 1043 imitati
341 992 386 1042 vel
410 997 484 1042 tecte
503 993 539 1041 ab
563 1007 596 1042 eo
618 993 737 1042 mutuati
761 996 832 1041 sunt.
874 991 1055 1042 Grammatici
1078 1004 1186 1056 quoque

220 1077 253 1111 ex
270 1059 324 1110 hoc
342 1060 493 1125 praecipue
510 1060 595 1121 libro,
620 1075 691 1124 quae
710 1059 745 1109 ad
765 1062 808 1108 ius
827 1058 911 1110 civile
930 1060 1115 1123 pertinerent,
1138 1075 1187 1124 pe·

218 1131 329 1178 tierunt.
365 1129 472 1177 Ruente
490 1143 556 1177 vero
579 1127 694 1191 imperio
716 1132 773 1177 tam
792 1127 981 1177 occidentales
1000 1127 1140 1192 Visigothi
1157 1127 1187 1175 in

219 1196 359 1246 breviario
377 1195 537 1244 Alariciano
556 1194 666 1255 Gaium,
690 1198 721 1244 ut
742 1195 817 1244 ferre
841 1209 902 1244 eum
927 1193 1069 1259 poterant,
1093 1207 1188 1244 rursus

220 1263 323 1313 scholis
342 1263 399 1312 suis
417 1263 622 1327 praefecerunt,
641 1277 722 1327 qnam
739 1262 768 1310 in
787 1261 893 1312 oriente
912 1261 1097 1324 Iustinianus‚
1122 1262 1187 1311 dum

219 1346 305 1382 novas
324 1334 407 1395 parat
424 1329 630 1392 Institutiones‚
654 1330 773 1379 maxime
792 1329 917 1378 Gaianas
941 1345 1002 1380 cum
1020 1330 1102 1380 rebus
1120 1344 1186 1393 quo-

221 1398 351 1460 tidianis,
376 1413 407 1446 ex
430 1397 528 1461 quibus
553 1402 581 1448 et
603 1399 662 1462 ipse
686 1399 729 1446 ius
753 1396 895 1454 didicerat,
920 1413 985 1447 suas
1007 1398 1088 1460 fecit,
1114 1396 1187 1446 unde

221 1481 281 1515 eum
295 1465 394 1515 Gaium
413 1468 567 1514 ‘nostrum’
587 1463 730 1529 appellare
750 1461 880 1528 (prooem.
899 1465 921 1516 I.
940 1465 964 1525 ἓ.
978 1466 1001 1514 6.
1021 1466 1045 1525 §-
1064 1468 1087 1515 o.
1111 1467 1132 1514 Ι.
1153 1463 1187 1514 de

219 1533 294 1597 publ.
312 1533 368 1584 iud.
387 1533 412 1593 4,
432 1532 471 1580 18.
491 1537 577 1582 coust.
598 1531 713 1580 Omnem
731 1533 800 1596 reip.
819 1533 843 1592 ξ.
863 1529 902 1597 1.)
922 1547 989 1583 sane
1013 1534 1110 1581 mirum
1132 1545 1187 1581 non

221 1604 271 1653 est.
308 1600 352 1649 lta
369 1614 435 1649 vero
455 1598 555 1662 Gaius,
580 1599 634 1648 alio
657 1599 726 1649 licet
747 1600 797 1649 sub
820 1601 928 1650 nomine
953 1605 981 1649 et
1007 1599 1187 1648 multifariam

221 1667 393 1717 deformatus
411 1666 497 1716 totius
517 1667 627 1731 generis
646 1667 759 1716 humaui
776 1668 908 1732 magister
926 1667 954 1716 in
971 1667 1031 1715 iu're
1049 1667 1127 1716 civili
1145 1667 1187 1715 fa-

222 1738 283 1785 ctus
307 1737 358 1784 est.
394 1732 449 1783 Sed
472 1736 546 1784 sicut
568 1749 692 1800 gemmae
716 1735 858 1798 ingenitus
881 1735 953 1799 ignis
980 1749 1033 1784 nec
1060 1735 1188 1797 extingui

220 1802 303 1866 longo
322 1802 377 1851 situ
401 1817 434 1850 ac
451 1801 565 1866 pulvere
588 1817 640 1852 nec
663 1807 796 1867 perpetuo
816 1818 833 1851 a
851 1805 972 1866 cognata
990 1801 1051 1850 luce
1069 1815 1187 1865 praepe-

222 1869 274 1919 diri
296 1872 401 1934 potest,
425 1869 466 1919 ita
488 1874 583 1920 nostra
607 1873 702 1919 aetate
726 1869 810 1919 etiam
833 1870 970 1934 genuinae
993 1868 1057 1918 Gaii
1074 1869 1187 1918 Institu-

220 1939 311 1988 tiones
335 1953 349 1986 e
372 1937 516 1987 multorum
540 1937 695 1987 seculorum
724 1937 861 1987 oblivione
888 1937 1074 1987 resuscitatae
1097 1936 1188 1986 denuo

222 2004 447 2056 efficacissimum
468 2005 583 2055 acrioris
607 2005 689 2054 studii
714 2020 748 2054 ac
771 2005 918 2069 penitioris
940 2005 1008 2055 iuris
1027 2003 1118 2054 civilis
1142 2019 1189 2053 eo·

221 2073 356 2139 gnitionis
373 2072 537 2123 fernientum
557 2087 680 2122 evasere.

290 2139 353 2190 Gaii
380 2141 574 2190 institutiones
600 2141 681 2190 unico
711 2138 806 2190 codice
829 2139 984 2191 Veronensi
1006 2139 1187 2204 palimpsesto

169 2232 172 2238 ·
221 2212 347 2259 servatas
371 2224 446 2271 esse,
474 2207 609 2257 Niebuhri
632 2207 728 2258 merito
752 2223 777 2260 a.
801 2208 867 2258 1816
889 2208 1001 2259 invento
1026 2213 1053 2257 et
1077 2223 1093 2256 a
1117 2207 1189 2257 Goe-

222 2276 333 2337 scheno,
354 2279 494 2340 assumpto
513 2276 586 2326 socio
598 2275 763 2339 Hollwegio‚
778 2290 850 2325 anno
868 2277 1032 2340 insequente
1050 2289 1189 2340 nunquam

222 2343 292 2392 satis
314 2342 451 2392 laudando
475 2343 567 2393 studio
585 2343 763 2406 transcripto,
781 2344 810 2391 in
826 2343 926 2408 vulgus
944 2346 1038 2392 notum
1057 2345 1109 2392 est.
1145 2341 1188 2390 De

223 2413 316 2459 aetate
335 2409 415 2458 huius
434 2411 538 2460 codicis
561 2411 621 2475 ipse
638 2409 795 2460 Niebuhrus
820 2414 848 2459 et
868 2415 966 2474 postea
984 2409 1044 2462 Ulr.
1062 2409 1189 2473 Koppius

223 2474 369 2542 [Zeitschr.
388 2477 407 2527 f.
427 2477 521 2540 gesch.
539 2477 607 2527 RW.
626 2479 673 2528 IV.
692 2475 774 2542 473.),
796 2492 850 2526 non
874 2477 961 2527 videri
985 2491 1045 2526 eum
1063 2479 1125 2540 post
1143 2476 1187 2525 Iu·

222 2544 372 2594 stiniauum
389 2545 522 2609 scriptum
540 2559 609 2607 esse,
628 2544 834 2606 iudicaverunt3
854 2544 973 2609 quodni
991 2543 1126 2593 rationem
1139 2543 1189 2593 hs·

221 2612 285 2675 bet,
309 2611 350 2660 ita
367 2613 461 2662 tamen
479 2611 634 2662 addendum
652 2616 708 2676 est,
725 2627 778 2662 nec
801 2612 887 2662 multo
911 2617 975 2662 ante
997 2611 1129 2678 scriptum
1147 2611 1188 2660 vi-

222 2678 294 2740 deri;
313 2677 341 2728 id
360 2679 431 2728 enim
440 2731 441 2736 ,
451 2678 588 2745 glossema
601 2680 705 2730 evincit
717 2679 806 2729 adhue
819 2695 873 2730 non
886 2677 1099 2738 observatnm²⁸‚
1118 2678 1189 2742 qnod

221 2746 334 2811 irrepsit
352 2748 375 2804 2,
396 2748 454 2800 195.
473 2746 612 2812 ‘legatum
626 2748 679 2798 sibi
698 2761 760 2798 esse
780 2747 951 2811 dimissum’3
970 2763 1033 2797 nam
1052 2746 1188 2796 ‘dimitti’

222 2829 271 2878 pro
296 2812 447 2880 ‘relinqui'
470 2814 592 2880 legatum
614 2814 661 2865 vel
683 2815 817 2880 ‘legari’,
848 2816 919 2880 quod
947 2820 978 2865 ut
999 2814 1138 2866 Aleander
1161 2819 1189 2863 et

223 2880 416 2946 Sehultingius
434 2882 469 2932 ad
488 2881 550 2931 Gai.
570 2883 636 2948 epit.
656 2885 680 2944 2,
700 2885 723 2932 7.
743 2883 766 2943 ξ.
785 2883 810 2932 8.
830 2887 857 2934 et
877 2885 901 2946 1,
921 2885 943 2934 1.
963 2883 986 2943 §.
1006 2885 1031 2934 4.
1049 2884 1188 2942 notarunt,

222 2949 252 2997 in
270 2948 409 2998 breviario
426 2949 587 3000 Alariciano
607 2950 768 3014 saepissime
788 2950 898 3016 legitur,
918 2955 983 3000 ante
1001 2949 1082 2999 finem
1100 2946 1188 2996 seculi

224 3016 321 3079 quinti,
341 3030 393 3079 quo
412 3020 519 3068 tautam
538 3021 619 3067 vetus
630 3017 772 3067 Latinitas
790 3019 896 3068 ruinam
915 3019 1069 3082 pensasset,
1088 3015 1135 3064 vix
1147 3015 1189 3063 ita

223 3084 252 3131 in
271 3085 349 3132 usum
367 3085 483 3148 venerit,
502 3089 534 3134 ut
549 3101 598 3150 pro
610 3085 778 3150 glossemate
791 3085 973 3146 scriberetur3
986 3082 1035 3133 illo
1047 3097 1113 3133 vero
1126 3083 1188 3134 loeo

126 3284 128 3288 -
224 3253 279 3302 Geli
293 3253 391 3303 editioni
404 3255 432 3303 ad
446 3255 537 3304 calcem
549 3255 645 3305 adiecit.
689 3251 722 3317 ²⁸)
741 3255 808 3304 Nulla
826 3259 908 3304 contra
926 3255 1019 3304 ratione
1031 3253 1188 3314 Boeclringius

224 3321 253 3370 ad
266 3328 285 3377 3,
300 3328 343 3372 198.
358 3327 441 3371 notans
455 3323 519 3382 [edd.
533 3330 545 3372 s
558 3329 580 3372 et
591 3324 623 3381 4.]
637 3322 752 3383 glossema
771 3323 806 3371 ibi
819 3322 994 3385 deprehendere
1006 3322 1053 3372 sibi
1070 3323 1134 3370 visus
1146 3327 1187 3377 est.

224 3395 333 3452 respectu
346 3389 372 3438 L.
384 3397 416 3438 20.
431 3391 456 3440 C.
472 3391 501 3440 de
514 3392 582 3440 iuriis
595 3387 625 3452 (6,
636 3387 659 3453 2)
674 3390 815 3438 conlectum.
839 3390 980 3439 ‘Probatum
999 3392 1048 3438 est'
1066 3404 1096 3438 ue
1113 3394 1189 3451 potest

184 3517 186 3522 Α
225 3457 318 3519 quidem
331 3457 394 3506 eliud
407 3458 546 3519 significare
564 3465 631 3520 atque
644 3457 705 3518 quod
724 3464 778 3520 post
791 3457 878 3506 dieitur
891 3461 1045 3521 ‘responsum
1059 3462 1082 3505 et
1098 3457 1189 3506 iudica·
