2648 3974
207 198 257 248 310
486 211 548 247 ean
567 211 671 248 rnsrrr.
688 198 725 247 lV.
747 197 889 249 ree-144.

207 351 388 426 prohibuerit,
416 354 507 408 statim
528 353 667 425 peractum
688 359 730 408 est
752 354 905 427 negotium,
934 353 982 408 sed
1004 353 1037 408 ad
1057 353 1173 409 iudicem

206 445 448 510 recuperatoresue
467 438 527 492 itur
548 444 575 491 et
595 436 631 492 ihi
652 435 730 492 editis
752 435 875 492 formulis
898 439 1050 510 quaeritur,
1079 455 1111 493 an
1127 437 1175 493 aii·

207 521 271 596 qnid
287 521 416 578 aduersus
434 523 565 594 praetoris
581 520 699 576 edictum
715 520 813 576 iactum
830 523 873 583 sit,
891 521 935 576 uel
951 539 985 579 an
1001 521 1100 576 iactum
1117 539 1174 578 non

208 607 257 668 sii,
280 605 350 678 qnod
373 607 394 660 is
411 603 470 660 fieri
484 606 602 660 iusserit.
641 612 668 660 et
685 604 764 660 modo
781 622 841 660 cum
857 621 945 678 poena
961 607 1066 680 agitur,
1091 605 1173 662 modo

208 691 266 746 sine
286 706 388 762 poena:
414 706 475 744 eum
496 705 596 762 poena,
622 689 699 744 nelut
721 705 781 743 cnm
802 706 851 763 per
872 691 1050 762 sponsionem
1071 694 1172 764 agitur,

209 776 267 830 sine
287 790 388 847 poena,
409 772 487 829 uelut
502 790 563 828 cum
580 772 679 828 arbiter
693 774 809 846 petitum
832 781 859 828 et
881 773 989 847 quidem
1006 791 1038 829 ex
1052 773 1180 847 prohibi--

210 859 285 914 toriis
300 857 449 913 interdictis
465 873 572 932 semper
586 869 636 930 per
650 858 825 930 sponsionem
840 860 884 931 agi
906 858 991 920 solet,
1014 874 1047 913 er
1061 859 1175 914 restitn-

209 941 285 997 toriis
309 957 375 996 uero
397 942 442 997 nel
463 941 629 997 exhibitoriis
645 942 726 996 modo
742 958 791 1014 per
810 943 1001 1015 sponsionem,
1028 942 1109 998 modo
1124 949 1175 1016 per'

209 1024 351 1082 formulam
367 1028 470 1100 agitur,
494 1043 562 1098 qnae
578 1025 715 1082 arbitraria
732 1034 853 1081 uocatur.
1068 1083 1069 1086 ,

272 1107 339 1167 142.
363 1110 517 1184 Principalis
531 1109 727 1183 igiturdiuisio
743 1111 770 1164 in
787 1127 818 1165 eo
835 1118 884 1173 est,
904 1110 976 1183 quod
993 1120 1039 1166 ant
1055 1109 1175 1184 prohibi·

207 1195 275 1249 toria
301 1203 366 1250 sunt
391 1193 532 1251 interdicta
558 1201 605 1248 aut
631 1195 808 1250 restitutoria·
825 1202 871 1250 ant
892 1194 1060 1251 exhibitoria.
1106 1191 1170 1252 14³.

208 1278 330 1352 Sequens
350 1281 379 1335 in
400 1295 432 1334 eo
448 1285 491 1334 est
506 1279 617 1340 diuino,
640 1278 713 1351 qnod
729 1278 773 1334 uel
789 1278 975 1352 adipiscendae
991 1280 1173 1353 possessionis

209 1380 288 1418 causa
307 1371 451 1437 conparata
469 1370 534 1418 sunt
555 1361 599 1418 uei
620 1361 777 1419 retinendae
798 1363 843 1418 uel
863 1364 1061 1437 reciperandae.
1106 1359 1173 1420 144.
1213 1393 1217 1399 ·

209 1447 402 1520 Adipiscendae
431 1448 611 1520 possessionis
647 1463 725 1502 causa
754 1447 927 1503 interdictum
951 1447 1176 1524 ‘accommodatur

208 1530 342 1586 honorum
358 1532 524 1603 possessori,
541 1532 617 1586 cuins
633 1531 791 1605 principium
805 1540 850 1587 est
866 1548 995 1596 ovorum
1010 1547 1174 1595 Bonorum

209 1615 323 1686 eiusque
338 1615 378 1669 uis
395 1621 422 1670 et
436 1623 557 1688 potestas
573 1615 638 1670 haec
653 1623 703 1677 est,
721 1623 750 1670 nt
765 1615 839 1688 qnod
855 1617 970 1689 quisque
985 1633 1018 1672 er
1033 1617 1075 1672 his
1086 1615 1175 1678 bonis,

211 1714 326 1770 qnorum
341 1701 479 1772 possessio
495 1699 572 1755 alicui
588 1700 649 1755 data
664 1707 719 1763 est,
740 1716 791 1774 pro
813 1701 913 1756 herede
934 1709 980 1757 aut
1000 1718 1051 1774 pro
1067 1717 1186 1774 posses·¹

143 1785 274 1838 mesore
289 1781 452 1855 'iprossidet¹
476 1787 577 1841 dolone
596 1784 681 1856 fecit,
705 1777 912 1858 qnorm‘nas)¹⁷S
934 1777 938 1860 Ι
961 1785 1127 1858 possideret,
1150 1783 1176 1839 id

66 1862 73 1876 '
112 1933 115 1939 ι
211 1869 248 1929 ei,
274 1869 318 1923 eui
339 1867 471 1924 honorum
494 1871 633 1942 possessio
651 1868 711 1924 data
726 1876 781 1930 est,
809 1871 984 1925 restituatur:
1011 1887 1061 1944 pro
1078 1869 1177 1925 herede

28 1944 32 1952 “
211 1959 298 2008 autem
319 1953 460 2026 posidere
481 1953 591 2009 uidetur
608 1961 662 2008 tam
677 1955 714 2015 is,
743 1955 789 2026 qni
803 1953 883 2010 heres
900 1961 955 2018 est,
973 1971 1052 2027 qnam
1067 1955 1104 2017 is,
1130 1954 1177 2026 qui

209 2044 287 2110 putat
307 2054 337 2093 se
357 2037 484 2093 heredem
505 2055 577 2101 esse;
605 2053 654 2110 pro
676 2053 835 2111 possessore
854 2040 876 2092 is
893 2037 1028 2111 pos'sidet,
1056 2039 1177 2112 quisine

115 2121 119 2127 '
211 2138 289 2178 causa
310 2121 425 2196 aliquam
444 2139 501 2178 rem
525 2122 712 2178 hereditariam
734 2122 878 2178 ueletiam
900 2131 985 2178 totam
1000 2122 1177 2183 hereditatem

211 2209 308 2268 sciens,
325 2206 356 2261 ad
372 2224 402 2262 se
417 2224 472 2262 non
488 2207 637 2280 perimere,
652 2205 787 2280 possidet:
805 2206 867 2262 ideo
883 2214 973 2262 autem
990 2204 1176 2280 adipiscendae

211 2293 393 2365 possessionis
420 2300 533 2347 uocatur
558 2283 810 2362 'tinternicmmii
842 2291 904 2364 quia
930 2294 954 2348 ei
980 2300 1084 2347 tantum
1111 2289 1177 2344 utile

212 2384 267 2437 est,
290 2377 336 2450 qui
356 2393 428 2432 nunc
448 2376 563 2448 primum
585 2382 697 2431 conatur
711 2373 825 2447 adipisci
838 2376 877 2430 rei
892 2377 1107 2449 possessiouem;
1129 2375 1178 2428 ita·

213 2476 264 2532 que
280 2461 302 2514 si
319 2461 378 2533 quis
394 2459 507 2533 adeptus
523 2460 724 2532 possessionem
741 2460 873 2522 amiserit,
897 2460 996 2517 desinit
1012 2461 1036 2516 ei
1051 2459 1078 2514 id
1093 2459 1178 2514 inter·
1203 2505 1206 2510 .

216 2609 284 2616 -......-.

213 2714 272 2758 inae
285 2714 408 2758 uocantur.
429 2705 574 2772 (uocantur)
587 2707 769 2757 autemdecreia
782 2704 841 2756 edd.
885 2705 926 2768 ¹⁷⁹)
941 2707 1064 2772 Sappieoi
1075 2723 1110 2756 ecc
1122 2707 1154 2758 L.
1170 2715 1179 2754 i

212 2792 256 2840 pr.
276 2775 308 2823 D.
323 2790 393 2840 quor.
412 2775 469 2825 bon.
489 2773 537 2840 (13,
551 2775 588 2839 t),
606 2782 634 2824 ut
649 2782 718 2824 recte
735 2775 841 2824 baberet
858 2775 996 2838 possideret.
1029 2773 1082 2825 Sed
1099 2781 1180 2824 tamen

215 2844 291 2891 etiam
303 2858 334 2892 ea
347 2844 379 2892 de
391 2859 470 2893 causa
482 2859 532 2893 non
544 2849 598 2894 tcta
610 2844 654 2892 ida
666 2845 746 2906 ipsius
757 2843 838 2894 edicti
845 2843 922 2892 verba
933 2842 1106 2892 transcribere
1116 2841 1181 2894 volni

216 2908 297 2974 (quod
307 2926 372 2961 nunc
381 2911 445 2974 fecit
457 2909 506 2975 Bp·
520 2913 560 2961 ed.
575 2910 597 2972 5)
616 2912 676 2975 quia
694 2917 765 2960 tanta
776 2910 903 2960 subtilitas
915 2910 1119 2960 Institutionibne
1131 2924 1181 2958 non

215 2980 343 3036 convenii,
356 2986 381 3029 et
394 2978 471 3029 Gaiae
489 2987 538 3028 inm
554 2987 641 3028 cetera
658 2979 797 3028 huiusmodi
814 2979 951 3028 interdieta
967 2994 1017 3028 non
1033 2977 1181 3041 simpliciter

215 3046 307 3096 cimilia
323 3047 410 3098 dicere
423 3042 557 3111 primisset.
571 3045 667 3104 ¹Sinnio
685 3047 781 3095 initiam
797 3047 941 3110 ‘possidet’
958 3053 984 3094 ei
1003 3046 1180 3108 ‘possideret'

216 3114 346 3167 anacteum·
357 3131 458 3166 caueam
466 3115 548 3177 fuisse
559 3113 662 3179 quilibet
673 3115 749 3166 aideb.
783 3112 805 3175 9)
818 3113 919 3164 Addidi
929 3129 964 3162 ecc
977 3112 992 3162 1
995 3120 1042 3162 nst.

216 3361 248 3412 rr,
262 3361 294 3402 m.
309 3351 337 3416 3.
352 3361 385 3401 m.
456 3346 482 3418 ξ.
497 3352 554 3400 142.
566 3365 601 3395 =
613 3347 641 3414 s.
655 3359 674 3398 i.
687 3351 742 3402 init.
756 3349 780 3398 l.
795 3352 827 3400 de
839 3316 978 3414 interdic,
992 3347 1035 3414 rc).
1062 3349 1101 3411 Cf.
1114 3348 1146 3398 L.
1163 3357 1181 3396 r.

217 3417 245 3482 3.
260 3430 278 3472 1.
291 3419 323 3468 D.
338 3421 395 3471 eod,
410 3418 456 3480 (43,
471 3418 503 3482 1).
583 3414 796 3484 §.143.=s.r.
813 3417 837 3467 I.
859 3417 892 3470 ib.
916 3417 957 3479 Of.
977 3417 1074 3466 Aaron.
1093 3416 1182 3479 Gripi.

216 3495 241 3535 63
252 3502 306 3551 aeq.
328 3486 385 3550 Uip.
399 3486 467 3537 lost.
480 3495 499 3545 1,
515 3495 535 3539 1.
593 3481 619 3552 ξ.
634 3480 692 3536 1414.
713 3484 753 3548 Of.
767 3483 795 3547 8,
807 3493 827 3534 1.
842 3485 865 3534 1.
878 3484 912 3533 ib.
930 3500 1011 3548 supra
1023 3491 1043 3544 a,
1056 3491 1089 3533 34.
1102 3491 1122 3540 ²,
1137 3489 1181 3534 rie.
