2634 3966
38 361 80 394 ¹„ssss

48 407 51 414 .
64 391 81 420 ‘a

183 483 191 502 ,¹¹

648 192 741 228 Gsrvs.

231 332 290 382 avit
312 328 470 396 (utrumque
493 330 569 394 Lips.
596 327 693 393 1865).
735 329 813 391 Quod
837 330 973 395 posterius
998 347 1067 396 opus
1093 348 1182 397 quan·

213 415 294 464 quam
312 399 409 463 peritis
427 399 517 463 magis
536 396 659 462 pulcrum
679 401 706 446 et
727 397 861 460 nitidum,
886 413 968 462 quam
992 403 1181 452 necessarium

212 483 365 532 magnaeve
377 465 508 515 utilitatis
523 481 583 515 esse
595 464 743 526 videbitur,
758 465 850 515 fateor
863 470 957 514 tamen
970 467 1113 532 meipsum
1128 470 1181 519 hoc

212 537 301 584 nitore
320 533 450 584 allectum
469 548 540 596 esse,
559 537 590 582 51
609 533 667 582 1515
687 548 780 582 omnes
799 533 875 582 locos
894 532 1068 584 difficiliores
1088 536 1123 585 ad
1136 553 1180 586 55-

165 655 167 660 ,
214 603 284 651 dicis
303 603 477 664 scripturam,
498 601 571 650 sicut
589 603 702 650 enotata
722 605 773 662 est,
792 601 892 650 iterum
918 602 1067 668 exigerem.
1105 604 1181 654 Idem

212 686 278 720 vero
299 674 326 719 et
338 669 399 734 plus
414 670 496 719 etiam
514 672 546 717 ut
562 668 693 728 facerem,
708 683 783 717 nova
796 668 964 733 Boeckingii
978 670 1064 720 editio
1079 673 1182 736 coegit.

214 738 292 800 Quod
311 738 383 787 enim
402 740 458 786 tam
477 736 581 799 peritus
596 735 661 784 Gaii
681 736 769 784 editor
786 737 815 784 in
833 737 1009 800 praefatione
1029 741 1122 802 operis
1140 742 1181 790 iu-

213 805 299 868 dicat,
318 819 407 854 meam
427 803 578 853 editionem
598 808 627 852 et
644 803 720 853 vitiis
740 807 767 852 et
784 803 933 852 virtutibus
952 805 1099 868 excellere,
1121 809 1181 856 eius

212 888 277 938 pars
296 874 368 936 prior
387 871 496 931 iudicii,
517 870 788 934 quampotissimum
808 872 872 920 boni
892 871 1087 921 consulendam
1106 878 1134 923 et
1152 875 1181 923 in

213 955 271 990 rem
298 955 386 989 meam
415 938 628 990 convertendam
656 953 716 988 esse
739 936 880 999 intellexi,
909 939 1090 990 incitamento
1114 943 1181 991 mihi

164 1007 165 1010 ’
213 1009 279 1069 1511,
305 1012 335 1055 51
352 1009 423 1056 vitia
441 1006 490 1055 illa
510 1010 640 1070 quantum
658 1021 767 1070 possem
784 1006 843 1068 ipse
863 1017 1058 1070 cognoscerem
1078 1011 1106 1057 et
1125 1024 1182 1058 cor-

163 1081 164 1084 ’
213 1077 341 1140 rigerem.
376 1073 475 1138 Itaque
494 1074 599 1124 factum
619 1077 669 1130 est,
688 1078 719 1122 ut
737 1076 1181 1144 151555551115515151515551515
1244 1101 1249 1110 ·

213 1143 284 1192 liaeo
306 1157 379 1192 nova
403 1143 488 1192 editio
511 1141 604 1196 multis
627 1141 753 1204 partibus
777 1136 832 1189 tam
856 1142 884 1189 in
908 1144 1024 1206 praevia
1039 1137 1181 1194 'disserta-

214 1212 289 1260 tione
309 1214 337 1258 et
355 1214 472 1272 utraque
492 1209 670 1258 adnotatione
690 1223 771 1271 quam
790 1210 818 1257 in
841 1209 903 1273 ipso
924 1215 1053 1260 contextu
1072 1213 1181 1261 auctior

183 1309 185 1311 >
210 1277 321 1327 ’5111155
346 1276 455 1340 quidem
478 1277 580 1326 iudicio
604 1277 687 1326 etiam
706 1276 881 1325 emendatior
904 1277 1029 1341 prodeat.
1066 1279 1108 1328 De
1128 1295 1180 1343 quo

211 1351 245 1396 ut
265 1347 349 1394 etiarn
367 1345 455 1394 lector
473 1344 558 1393 facile
571 1344 692 1393 iudicare
705 1345 801 1408 possit,
816 1344 942 1408 exempla
954 1345 1075 1396 locorum
1090 1362 1181 1396 emen·

208 1413 339 1462 datorum
353 1413 423 1462 haec
436 1413 563 1476 graviora
581 1411 706 1460 indicare
725 1413 817 1462 iuvat:
837 1412 858 1460 Ι,
878 1415 903 1464 2.
923 1415 946 1464 6.
967 1415 1023 1464 111.
1046 1417 1102 1464 182.
1123 1416 1181 1464 184.

214 1481 359 1531 111554.
374 1482 414 1529 27.
429 1482 486 1530 124.
501 1480 703 1531 151.155.213,
722 1481 780 1528 274.
799 1481 856 1529 287.
889 1481 938 1530 Ill.
959 1483 1000 1532 43.
1019 1483 1060 1532 44.
1078 1483 1120 1533 49.
1140 1484 1181 1532 56.

210 1549 255 1598 81.
276 1549 316 1597 83.
336 1549 377 1598 84.
398 1549 453 1596 116.
475 1548 532 1597 118.
553 1549 609 1597 140.
630 1549 686 1596 153.
709 1549 765 1598 168.
786 1548 842 1597 189.
863 1550 921 1601 196,
951 1549 998 1600 IV.
1020 1551 1180 1600 153131.

102 1643 119 1666 η
178 1617 181 1622 ’
213 1603 256 1665 42.
275 1617 317 1664 46.
336 1617 377 1664 51.
397 1617 447 1664 52⁸.
468 1616 509 1664 84.
528 1616 569 1664 95.
591 1616 646 1664 139.
667 1616 723 1664 153.
743 1617 943 1666 115111183.
973 1615 1120 1666 Caeterum
1134 1634 1181 1671 ne·

80 1715 85 1720 -
141 1741 142 1744 ¹
215 1697 267 1745 que
286 1683 357 1732 11555
376 1683 435 1731 1515
454 1697 543 1746 neque
557 1682 692 1746 permulta
705 1685 813 1732 omnino
827 1683 914 1746 15515,
929 1699 998 1746 quae
1013 1699 1029 1732 a
1042 1685 1181 1734 Boeckin-

215 1750 259 1813 gio
283 1751 403 1799 mutuari
425 1750 513 1799 licuit.
549 1749 615 1798 Plus
638 1751 766 1799 monitori
789 1766 869 1814 quam
892 1751 1019 1816 largItori
1042 1750 1129 1802 debeo
1153 1757 1181 1801 ct

215 1817 299 1880 (quod
313 1817 403 1881 doleo)
418 1832 472 1866 non
490 1832 552 1866 raro
571 1815 628 1867 sive
647 1819 902 1882 impugnationibus
921 1820 980 1867 eius
999 1819 1058 1868 sive
1072 1820 1190 1870 noviter·

180 1889 186 1895 ”
215 1888 332 1950 repertis
357 1890 385 1934 et
408 1883 607 1949 5555151151111
631 1901 685 1949 qua
706 1901 760 1934 non
784 1901 834 1935 sua
856 1887 1000 1950 provincia
1022 1887 1111 1936 minus
1134 1903 1180 1937 ex-

161 2031 163 2034 ·
215 2024 373 2070 universum
396 2022 485 2086 magis
508 2021 680 2085 ingeniorum
705 2026 733 2070 et
757 2024 785 2069 in
809 2023 907 2070 critica
936 2026 996 2072 5115
1026 2023 1181 2074 exercenda
1238 2061 1240 2065 .
1313 2077 1315 2088 .

216 1953 293 2002 cellit
310 1953 353 2003 vir
372 1953 583 2017 celeb.)'palam
602 1953 803 2018 obloquendum
824 1955 884 2003 fuit.
920 1955 957 2003 Et
973 1970 1078 2016 vereor,
1097 1970 1132 2004 ne
1151 1956 1180 2003 in

159 2144 161 2146 ,
215 2088 325 2138 55551111
350 2092 377 2138 51
400 2091 537 2138 rationum
562 2089 718 2140 diversitati
742 2089 915 2138 tribuendum
938 2090 989 2149 sit,
1013 2089 1084 2154 quod
1102 2091 1126 2140 is
1147 2091 1180 2138 dc

215 2157 364 2206 ‘libidine’
385 2173 455 2218 mea,
475 2161 503 2204 et
521 2172 581 2222 mea
600 2161 714 2219 tantum,
734 2157 762 2204 in
781 2158 942 2221 supplendis
961 2159 1181 2207 reformandisue

213 2225 256 2274 his
277 2227 479 2274 commentariis
498 2225 628 2286 queritur.
667 2226 727 2286 Qua
751 2230 843 2274 tamen
866 2225 895 2273 in
917 2240 946 2273 re
967 2230 1072 2274 tanturn
1093 2226 1181 2287 abest,

214 2296 245 2339 ut
264 2307 325 2340 mea
344 2296 450 2340 tantum
468 2292 535 2339 milri
558 2291 699 2355 placeant,
726 2296 756 2340 ut
781 2297 808 2341 et
827 2298 918 2356 optem
939 2296 966 2341 et
985 2293 1043 2342 1515
1063 2308 1180 2356 sperem,

214 2363 244 2406 51
262 2359 426 2423 Boeckingii
445 2358 530 2408 editio
549 2374 608 2407 curn
628 2361 736 2408 omnino
756 2364 812 2409 turn
831 2361 995 2424 praesertim
1008 2361 1051 2422 iis,
1067 2375 1180 2423 quorum

215 2429 307 2474 textus
325 2426 422 2474 harum
440 2427 646 2476 Institutionum
670 2427 814 2476 historiam
839 2430 969 2476 accurate
994 2425 1181 2477 5555515151·-

214 2497 267 2556 est,
287 2494 314 2541 in
333 2494 421 2557 pretio
441 2497 469 2542 ct
488 2494 516 2541 in
535 2508 584 2542 usu
603 2495 648 2542 sit.

283 2715 426 2779 Superest,
446 2718 476 2763 ut
499 2730 720 2776 commemorem,
740 2714 783 2762 his
808 2715 877 2778 ipsis
902 2713 1013 2775 diebus,
1041 2715 1103 2763 dum
1128 2715 1180 2766 hae

215 2783 346 2850 plagulae
370 2782 550 2846 corrigendae
574 2783 640 2830 mihi
667 2799 681 2830 5
705 2781 781 2846 51515
806 2783 1045 2846 1155515111511151,
1066 2783 1180 2832 allatam

134 2901 136 2906 ,
216 2854 299 2902 etiam
319 2867 379 2900 esse
398 2866 497 2900 novam
512 2851 576 2900 Gaii
590 2850 746 2910 editionem,
767 2865 838 2913 quae
858 2850 910 2898 hoc
930 2850 978 2898 sub
998 2850 1077 2898 titulo
1091 2851 1181 2914 publi·

215 2925 280 2970 cata
299 2925 354 2969 est:
377 2919 510 2968 Institutas
531 2921 562 2968 de
582 2918 660 2967 Goi'us
679 2925 815 2968 5551555151
833 2921 855 2966 15
875 2925 945 2966 tecte
960 2919 1179 2967 511511511551155

159 2983 163 3024 f
216 3006 246 3038 55
264 2990 361 3051 1555151
378 3001 438 3036 5555
456 2991 479 3035 15
497 2989 672 3036 commentaire
691 2987 848 3042 5511555555,
866 3001 918 3048 551
936 2985 974 3034 Μ.
995 2985 1026 3033 L.
1040 2985 1180 3050 1155155551

216 3064 262 3105 515.
283 3057 402 3104 1115555115
421 3056 460 3103 tt.
481 3055 557 3102 Paris
571 3057 636 3104 1816
655 3051 741 3118 (51151
755 3053 924 3116 Boeckingio
943 3053 971 3099 in
991 3051 1080 3116 praef.
1101 3052 1141 3101 ed.
1157 3055 1180 3104 5.

215 3141 242 3188 p,
261 3124 332 3174 XIV.
357 3122 513 3183 indicante,
537 3122 639 3185 prodiit
663 3137 687 3170 a.
708 3119 795 3200 1843&
830 3121 888 3170 Nec
913 3125 1006 3169 tamen
1029 3124 1139 3182 textus,
1165 3138 1180 3170 5

215 3191 389 3239 Lachmanni
407 3189 448 3238 ed.
469 3191 630 3251 translatus,
651 3204 706 3252 qua
724 3189 904 3238 recentiorem
919 3189 1006 3238 editor
1019 3204 1074 3236 non
1092 3189 1176 3250 novit,

216 3275 266 3308 neo
285 3259 495 3307 commentarius
515 3259 661 3322 quidquam
686 3257 823 3318 continet,
844 3271 895 3320 quo
914 3263 1010 3306 nostru
1033 3257 1117 3307 editio
1137 3256 1178 3304 di-

217 3327 272 3376 tari
290 3326 418 3390 potuerit.
