2614 3960
301 223 303 226 ,
329 189 391 222 uos.
411 189 445 222 ur
465 188 529 222 nou.
550 187 645 222 oneror
665 187 783 222 counnr.
803 175 858 222 xiv.
877 177 902 226 3.
1050 179 1100 226 593

130 331 292 392 condiderit,
310 321 435 392 uinnorit,
446 331 651 402 comparauerit.
698 327 726 385 2.
751 322 804 385 ³Et
820 329 882 385 olim
896 329 1004 403 quidem
1018 331 1097 386 huius

130 417 199 490 legis
215 431 302 488 poena
318 415 467 468 nummaria
482 414 548 468 fuit:
564 413 612 468 sed
629 414 757 470 translata
777 422 820 470 est
842 415 962 488 cognitio
979 416 1006 471 in
1021 432 1098 487 prae-

132 500 220 555 fectos
242 492 339 560 urbis,⁴¹
354 499 473 570 itemque
489 497 619 570 praesidis
635 499 792 572 prouinciae
808 507 883 554 entra
907 498 1028 554 ordinem
1044 516 1099 554 me·

64 636 67 644 ,
131 585 187 638 ruit
214 581 484 638 animaduersionem.
522 582 641 655 ideoque
663 582 819 638 humiliores
842 590 887 638 aut
913 584 942 638 iu
962 583 1099 638 metallum

132 667 238 730 riantur,
256 674 301 720 aut
317 667 344 720 in
362 683 470 721 crucem
487 666 636 722 tolluntur:
667 665 839 722 honestiores
862 667 965 722 ademta
992 666 1099 722 dimidia

132 757 209 825 parte
220 750 355 806 bonorum
371 752 398 806 in
413 760 575 824 perpetuum
590 744 777 824 relegantur.⁵
799 749 827 808 3.
845 751 872 806 Si
885 766 980 806 seruus
997 753 1100 806 sciente

5 825 6 862 ³
75 847 76 852 ’
132 836 242 890 domino
259 834 375 889 alienum
390 851 500 890 seruum
516 834 691 899 subtraxerit,
716 835 881 898 uendiderit,
908 835 1051 897 micuerit,
1072 837 1100 890 in

5 923 8 1010 ξ
88 950 90 953 v
131 922 221 992 ipsum
236 919 374 974 dominum
396 919 632 981 animaduertitur:
656 919 753 992 quodsi
774 909 805 974 id
822 919 931 975 domino
956 909 1099 992 ignorante

5 1053 24 1086 ³.
77 1059 80 1062 .
132 1004 306 1074 commiserit,
323 1004 351 1058 in
366 1001 503 1057 metalium
519 1003 606 1058 datur.

197 1086 262 1160 Kap.
284 1085 327 1142 ΙΙΙ.
366 1085 533 1159 Ulpianus
555 1085 648 1142 libro
671 1103 713 1142 lxo
738 1086 777 1141 de
798 1086 924 1142 oiiicio
945 1105 1100 1159 procon-

131 1171 242 1234 sulis,
259 1169 321 1226 sub
338 1169 447 1226 titulo
465 1169 503 1224 ad
524 1166 634 1244 legem
654 1169 797 1226 Fabiam.
842 1168 866 1227 1.
893 1171 1031 1242 Frequens
1058 1179 1099 1227 est

132 1257 213 1312 etiam
229 1255 298 1328 legis
314 1253 409 1310 Fabiae
425 1256 547 1328 cognitio
568 1257 595 1310 in
617 1253 794 1310 tribunalibus
816 1254 985 1326 praesidum:
1008 1271 1100 1326 quarn·

134 1357 214 1414 quoru
242 1331 361 1410 ’,(eam)⁶
387 1339 494 1412 quidam
524 1347 715 1413 procuratores
747 1338 864 1393 Caesaris
899 1340 1099 1410 usurpauerint,

133 1417 252 1497 ’quum⁷
276 1421 375 1478 Romae
397 1416 490 1479 'tum8
511 1426 540 1478 in
568 1423 725 1498 prouinciis.
777 1419 804 1478 2.
827 1423 878 1478 Sed
907 1424 977 1478 euim
998 1424 1049 1478 iam
1067 1439 1100 1478 eo

133 1517 296 1581 peruentum
312 1514 354 1562 est
369 1507 626 1572 constitutionibus,
653 1516 683 1562 ut
698 1505 797 1562 Romae
819 1507 926 1580 quidem
947 1507 1100 1580 praefectus

135 1591 209 1646 urbis
226 1592 301 1647 solus
318 1609 400 1666 super
421 1609 451 1647 ea
472 1609 501 1646 re
522 1600 681 1666 cognoscat,
708 1593 731 1646 si
750 1593 820 1647 intra
843 1592 984 1647 miliarium
1011 1599 1101 1648 ceute·

132 1678 231 1732 simum
247 1677 282 1732 sit
297 1669 340 1730 ’in
354 1675 460 1732 Fabiam
476 1671 678 1734 commissum.⁹
710 1675 852 1732 Enimuero
874 1677 898 1731 si
920 1677 992 1730 ultra
1011 1683 1101 1732 ceute·

134 1762 241 1822 simum,
257 1761 454 1834 praefectorum
470 1764 608 1834 praetorio
625 1764 675 1818 erit
691 1763 812 1833 cognitio
829 1759 883 1831 ’(in
906 1759 1021 1831 Italia)
1032 1754 1056 1792 ¹⁰
1073 1762 1101 1814 in

135 1839 315 1917 ’prouinciisl
332 1847 404 1900 enirn
421 1839 520 1919 ’(est)2
540 1847 694 1919 praesidum
715 1846 929 1916 prouinciarum,
953 1860 1003 1898 uec
1023 1843 1101 1898 ubter

135 1930 305 2000 procuratori
325 1927 443 1985 Caesaris
465 1931 530 1984 haec
551 1931 673 2004 cognitio
700 1922 880 2002 iniungitur,3
911 1944 990 2001 quam
1021 1919 1101 2000 '(si)²

136 2010 265 2084 praesidis
281 2012 401 2082 partibus
421 2017 448 2069 in
464 2016 604 2086 prouincia
618 2015 757 2087 iungatur.
809 2011 890 2066 Plane
912 2018 976 2084 post
991 2018 1100 2066 senten·

136 2097 200 2150 tiam
216 2094 248 2148 de
264 2093 341 2148 Fabio
356 2095 435 2152 latam
450 2101 632 2169 procuratoris
648 2106 739 2170 partes
762 2089 942 2151 succedunt*
977 2091 1006 2151 3.
1021 2095 1097 2150 ’Vico

136 2173 287 2253 praesidis5
303 2187 391 2235 tamen
406 2188 579 2253 procurator,
598 2184 644 2254 qui
659 2181 731 2236 iilam
747 2181 913 2253 prouinciam
929 2181 1014 2252 regit,
1036 2180 1100 2234 licet

136 2383 205 2430 disse
224 2381 345 2436 Latinum;
365 2379 415 2428 vid.
433 2388 453 2440 3,
474 2388 494 2427 3.
529 2379 673 2428 Praeterea
691 2379 725 2443 of.
745 2379 819 2429 Paul.
839 2377 866 2426 S.
885 2378 915 2426 R.
936 2389 961 2436 o,
980 2386 1002 2426 6.
1021 2375 1048 2440 8.
1070 2385 1103 2425 tt.

137 2449 171 2499 L.
190 2457 210 2499 1.
242 2449 275 2498 L.
294 2456 313 2496 6.
334 2445 362 2510 3.
381 2456 402 2494 2.
421 2444 455 2498 D.
474 2449 506 2496 de
524 2449 572 2510 dep.
591 2445 655 2494 rao.
676 2443 720 2506 (43,
740 2445 783 2506 to).
811 2445 843 2496 L.
862 2453 884 2494 9.
903 2454 935 2496 le.
957 2445 984 2494 0.
1003 2447 1039 2495 ud
1055 2448 1103 2508 lep.

138 2515 200 2563 rao.
222 2513 257 2576 (9,
277 2514 323 2578 99).
341 2516 403 2576 infr.
422 2523 445 2572 3,
465 2523 485 2564 4.
504 2525 524 2566 5.
612 2511 634 2575 ³)
654 2513 693 2574 Cf.
713 2515 787 2565 Paul.
807 2515 824 2561 l.
844 2529 866 2562 c.
894 2514 926 2563 L.
947 2522 970 2562 7.
987 2514 1021 2562 D.
1040 2513 1065 2562 d.
1085 2519 1102 2562 t.

137 2583 199 2642 infr.
218 2591 242 2639 3,
263 2591 339 2634 1—3.
444 2580 465 2646 ⁴)
487 2582 526 2645 Cf.
546 2579 673 2630 inscr.'L.
692 2586 714 2632 t.
739 2580 765 2629 0.
793 2581 828 2628 ad
849 2583 900 2643 lep.
918 2580 983 2632 Fae.
1002 2579 1038 2642 (9,
1058 2579 1103 2642 99).

138 2651 159 2710 ¹³)
179 2649 222 2711 Of.
242 2648 267 2697 I.
288 2649 406 2712 Gotdofr.
425 2653 461 2700 ud
477 2651 510 2698 L.
529 2666 569 2698 un.
593 2649 637 2700 ΤΙι.
658 2647 686 2701 0.
705 2649 741 2698 ad
762 2645 892 2711 lepsFab.
911 2644 946 2709 (9,
966 2647 1011 2710 19).
1082 2645 1104 2709 ⁶)

138 2717 275 2780 Suppleoi;
297 2718 419 2780 scriptum
438 2719 521 2780 fuisse
543 2724 608 2780 puta
632 2731 724 2780 quamq.
749 2731 808 2767 earn.
911 2714 931 2775 ⁷)
952 2729 1022 2778 quam
1041 2715 1104 2764 Odd.

138 2795 185 2834 taut
205 2800 240 2834 eec
259 2785 344 2834 Ouiae.
364 2785 398 2846 cj.
419 2787 460 2838 ed.
479 2785 522 2834 Bt.
620 2783 641 2846 8)
661 2792 708 2832 tam
725 2783 760 2832 B.
783 2785 823 2832 Vi.
860 2783 930 2831 etiam
953 2783 1000 2834 Vc,
1035 2796 1105 2844 quem

137 2855 180 2914 ed,
200 2852 242 2901 Bt.
315 2849 336 2914 9)
356 2852 395 2915 Of.
414 2855 446 2904 L.
468 2861 500 2901 12.
520 2851 547 2916 3.
568 2861 599 2903 ro.
619 2853 652 2900 J).
672 2853 703 2900 de
722 2857 791 2914 capr.
813 2851 856 2912 (ee,
876 2847 919 2906 rs).
944 2847 1103 2911 3391.

137 2923 171 2970 D.
190 2919 215 2972 d.
235 2927 252 2971 t.
287 2921 312 2968 in
335 2921 374 2968 uia
397 2921 524 2970 commissa
548 2920 613 2970 oud.
632 2921 705 2976 edd„
730 2920 799 2984 qood
819 2933 865 2966 nec
889 2931 924 2966 ex
947 2915 1017 2965 Suet.
1037 2916 1104 2981 Any.

137 2998 170 3038 39.
189 2991 291 3037 servari
307 2995 400 3049 potest.
436 2989 522 3037 iniuria
542 2989 670 3037 commissa
689 2987 757 3036 Scui.
771 2992 797 3034 et
808 2985 877 3034 Pitb.
891 2986 927 3046 cj.
988 2981 1018 3044 ¹⁰)
1038 2983 1108 3046 sap-v

137 3058 216 3118 pleni,
240 3071 293 3104 cum
316 3057 456 3106 excidisset
480 3055 510 3106 ob
534 3058 613 3105 simile
632 3055 703 3103 nitio
720 3056 753 3102 io.
858 3050 878 3115 1)
898 3051 943 3100 Ecc
963 3052 1048 3100 Ouiae.
1068 3052 1104 3112 ej.

139 3123 287 3184 prouinciam
305 3123 338 3170 B.
362 3124 403 3173 Vi.
439 3125 562 3187 prouincia
585 3124 631 3173 Ve,
657 3123 697 3170 ed.
717 3121 758 3169 Bl.
862 3119 883 3182 ²)
912 3119 1044 3183 Supplevit
1062 3118 1104 3166 Bi.

140 3189 162 3249 ³¹)
184 3189 222 3250 Cf.
243 3189 275 3236 L.
294 3198 313 3237 4.
334 3189 360 3238 0.
380 3193 416 3240 ad
432 3195 479 3254 lep.
499 3192 560 3241 Feb.
581 3189 616 3253 (9,
635 3187 680 3252 20).
716 3189 748 3238 L.
767 3199 788 3240 2.
813 3188 840 3240 C.
860 3190 891 3236 de
910 3203 984 3249 poen.
1005 3183 1104 3248 (9,·47).

140 3257 173 3306 L.
193 3265 213 3303 3.
233 3255 260 3304 Ο.
279 3256 321 3304 ubi
337 3273 405 3306 cous.
421 3261 477 3320 fise.
499 3257 533 3319 (3,
554 3258 599 3321 96).
618 3258 651 3308 L,
665 3265 677 3305 3
691 3258 786 3319 pel).
807 3257 838 3304 dc
857 3256 925 3317 ossio.
944 3269 1016 3316 proc.
1033 3252 1105 3304 Caes.

142 3323 174 3384 (1,
194 3322 237 3384 19).
307 3322 328 3386 ⁴)
348 3323 388 3386 Os.
407 3326 440 3374 L.
462 3336 479 3373 t.
499 3335 518 3374 t.
538 3324 566 3374 0.
586 3325 642 3374 eod.
713 3321 733 3386 5)
753 3325 821 3371 huius
840 3329 904 3370 certe
923 3323 951 3370 ad
969 3320 1004 3372 B⁴
1036 3320 1105 3367 buius

140 3391 206 3441 cerei
226 3392 290 3438 modi
313 3391 352 3442 Vi.
378 3393 476 3440 huiusce
495 3394 529 3441 rei
549 3401 571 3440 et
592 3393 639 3442 Ve.
664 3391 833 3440 Huiuscemodi
852 3390 891 3437 ed.
908 3388 950 3439 Bt.
982 3385 1035 3436 Sed
1052 3389 1107 3435 vul·

138 3458 212 3522 puris
231 3457 350 3506 Caesaris
365 3466 524 3520 proczcrator
540 3461 697 3523 provinciam
714 3473 805 3521 repere
828 3457 879 3509 dici
896 3461 1059 3519 conpetere,
1079 3459 1105 3502 et

177 3542 299 3610 ivnrsi’it.
314 3573 408 3608 durni.
422 3575 484 3608 REI„
508 3575 554 3611 ΕΙ).
567 3575 599 3609 ΙΙ.
864 3545 902 3601 38
