2634 3974
2 3586 9 3638 l

2 3667 5 3717 l

439 143 519 206 [rann
537 157 640 196 nevum
660 159 739 195 seur.
758 145 784 194 l'.
803 149 829 196 3.
1068 148 1119 198 433
1160 197 1163 202 Δ

149 303 246 374 utique
261 308 365 364 nostro,
382 317 497 374 corpore
513 301 557 358 uel
572 308 667 357 nostro
685 301 728 358 uel
744 302 840 358 alieno.
876 301 923 357 sed
939 301 1012 358 nudo
1028 304 1117 360 animo

147 386 261 460 adipisci
283 387 390 459 quidem
411 387 610 458 possessionem
631 403 687 442 non
708 403 867 460 possumus;
894 388 1012 444 retinere
1028 395 1124 443 tamen·

149 471 224 526 nudo
246 471 335 526 auimo
357 462 516 544 possumus,
545 472 615 526 sicut
635 471 662 526 in
683 471 796 528 saltibus
817 471 936 528 hibernis
953 473 1117 545 aestiuisque

148 556 295 628 contingit.
334 553 364 612 2.
385 547 455 610 ²Per
470 555 567 610 liberas
583 557 726 630 personat,
744 573 813 628 quae
828 557 855 611 in
870 563 1008 629 potestate
1024 564 1117 612 nostra

149 657 206 696 nou
226 647 304 704 sunt,
332 641 434 713 acquiri
455 639 532 696 nobis
554 639 621 696 nihil
636 647 736 713 potest.
782 639 830 696 scd
844 657 895 714 per
911 650 1117 714 procuratorem

151 725 255 798 acquiri
269 723 347 779 nobis
363 727 564 798 possessiouem
578 741 661 798 posse
677 724 800 781 utilitatis
816 741 895 780 causa
910 733 1049 798 receptum
1065 732 1115 781 est.

151 808 262 864 ahsente
283 817 371 864 autem
393 809 501 864 domino
523 817 676 882 comparata
696 826 752 866 non
773 809 851 864 aliter
866 810 903 872 ei,
928 826 1007 882 quam
1023 811 1045 866 si
1060 817 1118 864 rata

150 894 200 956 sit,
223 895 369 966 quaeritur.
425 890 454 950 3.
478 889 583 966 ³Lougi
605 902 694 950 autern
711 892 840 966 temporis
855 893 1031 967 praescriptio
1046 896 1118 950 inter

151 986 308 1052 praesentes
325 972 481 1034 ’continuit
503 978 626 1033 decennii
649 979 750 1051 spatio,
773 978 984 1034 interabsentes
1001 979 1117 1036 uiceunii

149 1063 399 1136 comprehenditur.
458 1061 487 1118 4.
512 1056 663 1133 5’(Μενη
678 1056 755 1134 αεὶ)6
776 1063 874 1136 uiginti
894 1079 1026 1118 annorum
1041 1079 1117 1136 prae·

149 1147 263 1219 scriptio
279 1148 359 1204 etiam
374 1147 505 1202 aduersus
521 1163 578 1201 rem
593 1145 726 1220 publicam
747 1147 860 1218 prodest
881 1148 919 1208 ei,
947 1148 993 1219 qui
1013 1149 1116 1202 i'ustum

149 1232 257 1286 initium
278 1233 460 1304 possessionis
483 1230 588 1293 habuit,
615 1247 666 1286 nec
686 1229 774 1285 medio
790 1238 913 1304 tempore
928 1231 1116 1305 interpellatus

148 1323 204 1371 est.
241 1316 318 1371 Actio
335 1324 424 1372 tamen
439 1317 492 1371 ’rei
508 1307 653 1389 publicae‚⁷
671 1316 763 1388 quanti
778 1315 835 1370 eius
848 1317 970 1378 interest,
987 1315 1116 1370 aduersus

148 1417 200 1455 eos
221 1399 312 1464 datur,
343 1403 388 1474 qui
409 1418 439 1456 ea
460 1401 570 1474 negotia
586 1399 731 1456 defendere
747 1393 956 1474 neglexerunt.⁸
1013 1395 1041 1454 5.
1066 1392 1118 1472 ⁹Si

150 1493 215 1558 post
235 1493 333 1542 motam
355 1487 426 1540 intra
446 1493 568 1559 tempora
590 1485 775 1558 quaestionem
797 1501 841 1541 res
862 1485 894 1539 ad
914 1501 1016 1540 nouum
1033 1483 1118 1540 domi·

151 1585 217 1626 num
238 1571 374 1642 emptione
394 1571 544 1632 transierit,
568 1586 618 1628 nec
637 1571 660 1624 is
681 1585 730 1642 per
750 1571 848 1642 uiginti
869 1585 953 1625 annos
975 1569 1056 1624 luerit
1077 1570 1119 1624 in·

150 1654 304 1735 quietatus,
325 1655 405 1711 auelli
420 1657 444 1710 ei
459 1656 660 1728 possessionem
676 1671 731 1710 non
746 1662 864 1728 oportet.

273 1789 335 1830 TIT.
353 1791 400 1829 111.
434 1791 476 1829 DE
491 1789 557 1836 HIS,
576 1788 658 1837 QVAE
674 1790 735 1828 PER
750 1783 880 1830 TVRBAM
893 1789 997 1829 nlvrt'r.

214 1871 237 1930 l.
266 1867 310 1929 ¹ln
332 1891 393 1937 eos,
419 1877 463 1948 qui
485 1891 534 1947 per
553 1861 659 1929 turham
680 1874 876 1928 seditionemue
898 1872 1023 1927 damnum
1039 1872 1118 1928 alicui

151 1957 276 2015 dederint
296 1958 449 2014 dandumue
470 1960 639 2021 ourauerint,
667 1959 690 2012 si
711 1958 818 2031 quidem
840 1974 883 2012 res
899 1956 1051 2030 pecuniaria
1065 1963 1116 2019 est,

150 2044 336 2098 aestimatione
358 2043 433 2116 dupli
454 2044 581 2105 sarcitum
609 2041 706 2114 quodsi
734 2057 765 2096 ex
790 2032 843 2096 hoc
867 2042 974 2115 corpori
995 2040 1116 2104 alicuius,

151 2129 223 2184 uitae
252 2126 415 2184 membrisue
444 2135 587 2188 noceatur,
618 2133 693 2180 extra
721 2124 842 2179 ordinem
873 2124 1032 2178 uindicatur.
1088 2119 1116 2179 2.

150 2205 301 2285 ²Quicquid
317 2228 349 2266 ex
364 2212 503 2273 incendio,
530 2211 620 2269 ruina,
648 2208 803 2282 naufragio,
829 2209 946 2281 nouique
965 2215 1118 2282 expugnata

150 2305 271 2370 raptum,
298 2304 453 2368 susceptum
469 2309 679 2367 suppressumue
694 2292 790 2356 luerit,
819 2309 851 2347 eo
872 2309 942 2348 anno
957 2293 986 2348 in
1002 2292 1117 2365 quadru-

151 2381 225 2454 plum
254 2382 311 2434 eius
331 2381 384 2442 rei,
413 2396 491 2451 quam
514 2379 574 2450 quis
596 2378 791 2451 suppresserit,
819 2377 961 2440 delatrent,
989 2379 1116 2450 rapuerit,

149 2465 326 2525 conitendum
348 2471 444 2536 postea
459 2479 525 2518 uero
541 2465 568 2517 in
583 2461 716 2534 simplum.
762 2458 790 2518 3.
815 2455 881 2525 3Hi,
899 2463 945 2534 qui
960 2461 1038 2517 aedes
1054 2462 1117 2517 alie·

151 2563 199 2600 nas
216 2547 329 2601 uillasue
345 2548 529 2618 expilauerint,
547 2546 710 2620 effregerint,
728 2547 952 2621 expugnauerint,
970 2549 992 2601 si
1009 2547 1117 2619 quidem

103 2685 105 2689 ,
150 2630 177 2686 id
195 2629 347 2686 turbarum
364 2632 424 2686 telis
440 2631 674 2692 coactasecerint,
697 2634 960 2705 eapite-puniuntur.
1000 2631 1118 2688 telorum

151 2829 194 2894 (41,
208 2830 241 2895 a).
263 2833 296 2881 L.
312 2841 330 2881 r.
346 2831 421 2896 §.es
436 2831 603 2896 Duevtds,
619 2830 662 2896 io).
683 2832 773 2892 datr
788 2841 832 2882 us,
885 2831 907 2893 2)
923 2832 962 2894 Of.
979 2831 1034 2882 Gai.
1048 2839 1068 2891 a,
1083 2837 1116 2878 95.

150 2898 176 2962 S.
190 2911 209 2948 5.
229 2900 253 2949 Ι.
271 2915 323 2964 per
341 2915 403 2964 quas
422 2909 492 2964 pers.
512 2901 567 2950 nob.
587 2916 644 2965 aeq.
662 2901 692 2962 (2,
705 2897 737 2962 o).
808 2897 829 2962 ³)
849 2899 888 2960 Cf.
906 2915 947 2962 pr.
961 2898 986 2946 Ι.
1000 2899 1032 2946 de
1044 2912 1115 2950 usuc.

150 2969 181 3030 (2,
194 2966 227 3031 6).
274 2965 296 3032 4)
312 2969 430 3032 Plerique
445 2967 507 3018 Octo.
527 2971 639 3019 continuo
652 2983 687 3016 em
699 2969 756 3016 aliis
768 2968 826 3016 edd.
873 2963 1117 3031 δ)Ο)ἾΙι.9.Ι).ιΙε
1149 2989 1150 2992 ¹

149 3052 237 3099 usurp.
251 3033 296 3098 (41,
309 3037 342 3096 3).
361 3037 393 3085 t.
409 3045 427 3085 l.
447 3036 475 3088 0.
490 3039 521 3086 de
537 3052 654 3099 praescr.
672 3037 687 3086 l.
702 3042 775 3098 temp.
792 3034 822 3096 (t,
834 3032 882 3098 33).
903 3034 932 3086 F.
946 3034 978 3083 Α.
994 3033 1116 3096 Setttttap

150 3102 270 3154 Bemerlr.
281 3120 309 3167 p.
323 3111 370 3155 lot.
429 3103 450 3166 ⁶)
470 3104 593 3168 Supplevi
610 3104 709 3166 (suerat
726 3104 785 3164 xri).
842 3101 864 3166 ⁷)
884 3103 959 3151 Haec
976 3119 999 3156 u,
1012 3105 1039 3150 in
1054 3103 1115 3150 Cdd.

148 3171 218 3218 sedis
237 3171 350 3220 incertae
373 3170 463 3236 (quanti
483 3173 542 3236 reip,
562 3172 609 3221 od.
625 3179 656 3220 tt.
685 3186 725 3220 eos
744 3171 802 3234 reip.
817 3173 897 3220 ceteri
909 3170 973 3219 Cdd.
987 3168 1057 3230 edd.)
1070 3182 1116 3216 suo

150 3239 205 3290 loco
218 3241 326 3290 restitui.
385 3239 405 3301 b)
427 3240 466 3302 Cf.
485 3241 518 3288 L.
531 3247 551 3288 9.
567 3237 595 3302 3.
609 3247 629 3288 3.
649 3240 682 3288 D.
702 3240 734 3287 dc
747 3240 838 3291 admira.
851 3255 905 3288 mer.
919 3239 954 3286 ad
965 3239 1010 3290 cic,
1027 3235 1069 3298 (oo,
1083 3233 1117 3298 8).

110 3351 111 3354 ,
149 3303 170 3366 9)
192 3304 231 3366 Cf.
250 3305 282 3358 L.
303 3315 321 3354 t.
345 3305 371 3358 C.
391 3309 422 3356 de
439 3323 556 3370 praescr.
575 3309 592 3357 l.
611 3314 685 3369 temp.
706 3305 737 3368 (t,
756 3307 800 3368 33).

221 3372 280 3432 Tit.¹
290 3372 350 3422 HJ.
388 3372 408 3438 1)
429 3374 467 3437 (tf.
484 3375 552 3424 1,.4.
567 3375 599 3425 Ι).
612 3375 636 3424 vi
647 3373 703 3426 bon.
718 3381 787 3438 rapt.
804 3369 846 3436 (u,
859 3371 892 3434 e).
952 3369 974 3436 2)
996 3369 1034 3432 Os.
1049 3369 1082 3421 L.
1096 3377 1116 3422 1.

150 3440 182 3492 Ι).
203 3441 234 3490 de
252 3441 352 3494 incend.
375 3441 418 3504 (tt,
436 3443 467 3503 9),
539 3440 561 3504 ³)
581 3442 632 3490 Est
649 3444 723 3491 etiam
744 3443 772 3491 L.
789 3451 809 3489 tt
822 3457 863 3508 pr.
883 3439 909 3504 3.
925 3449 945 3490 1.
964 3439 997 3487 l).
1017 3438 1052 3488 ad
1069 3439 1118 3500 lep.

184 3555 416 3596 maurmunster.
433 3557 496 3592 nnc.
521 3557 566 3594 no.
581 3558 613 3592 11.
875 3529 915 3586 28
