2614 3960
213 173 262 222 580
373 215 377 225 „
406 183 468 218 uos.
487 182 521 215 ar
540 181 605 218 nou.
625 181 720 216 naevis
739 178 855 215 aornar.
874 166 901 215 X.
924 167 945 214 1.
964 166 989 218 2.

578 321 580 324 ⁵
643 349 752 384 ruerem

493 433 899 514 (riu.)x7¹1›s1›ueosruo.
958 475 960 480 -
1027 405 1047 444 ’Σ

278 577 342 650 Kap.
370 575 389 629 l.
426 575 559 646 Moyses
585 565 715 628 dicit:²'
734 570 758 627 1.
785 571 812 626 Si
837 571 932 643 aliquis
960 569 1032 625 dabit
1058 570 1187 642 proximo
1250 616 1256 624 .

215 679 264 717 suo
295 666 451 734 argeutum,
474 666 520 712 aut
541 674 587 712 uas
610 672 735 718 seruare,
748 663 784 720 vct
805 655 924 710 iuratum
945 654 1026 710 inerit
1047 653 1080 710 de
1101 654 1188 711 domo
1260 674 1266 683 ·

216 746 347 802 horninis:
377 744 399 797 si
420 743 572 803 inuenitur,
600 742 647 812 qui
669 739 774 794 iuratus
795 747 845 802 est,
869 738 965 796 reddat
984 738 1107 812 duplum.
1155 735 1184 796 2.

215 828 316 896 Quodsi
331 841 386 882 non
402 825 484 880 luerit
499 827 626 880 inuentus
643 824 700 886 lun,
717 823 824 879 accedet
840 825 876 886 is,
900 824 946 894 qui
966 821 1186 880 commendatum

216 917 384 985 susceperat:
400 907 481 966 stabit
497 915 558 964 ante
574 909 723 971 Dominum,
741 915 768 986 et
782 906 893 968 iurabit,
915 907 981 961 nihil
1003 924 1032 962 se
1053 906 1184 978 nequiter
1260 974 1264 982 Ι

215 997 304 1068 egisse
316 995 348 1050 de
365 996 436 1050 omni
451 1009 481 1048 re
496 992 682 1048 commendata
696 993 810 1064 proximi
825 992 882 1053 sui,
906 999 932 1046 et
948 989 1115 1046 liberabitur.

279 1095 345 1169 llap.
368 1094 399 1150 Π.
437 1094 653 1150 Modestinus
685 1091 778 1148 libro
811 1092 1098 1148 differentiarum
1125 1107 1186 1146 se·
1260 1132 1266 1141 .

216 1180 327 1235 eundo
350 1178 428 1251 (sab
451 1176 576 1248 tituto)
598 1177 637 1232 de
659 1177 823 1250 deposito
854 1185 890 1232 et
919 1167 1186 1231 'commodato.³

216 1262 240 1320 1.
267 1262 434 1318 Commodati
469 1263 570 1318 iudicio
601 1269 752 1316 conuentus
790 1263 869 1316 etiam
904 1261 1011 1332 culpam
1045 1267 1185 1332 praestare
1260 1259 1269 1271 “’

216 1350 338 1422 cogitur:
355 1349 402 1420 qui
419 1363 483 1401 uero
500 1346 615 1418 depositi
632 1346 808 1408 eouuenitur,
831 1345 864 1400 de
880 1344 959 1407 dolo,
982 1361 1038 1399 non
1054 1345 1133 1398 etiarn
1150 1343 1186 1398 de

218 1433 295 1504 culpa
311 1430 535 1485 condemnandus
551 1439 602 1484 est.
647 1429 814 1484 Commodati
835 1431 906 1484 enirn
927 1421 1012 1500 '(a'n)⁴
1033 1435 1184 1490 contractu,

219 1517 280 1587 quia
302 1515 458 1586 'utriusque
485 1508 688 1568 contrahentis⁵
714 1513 814 1569 utilitas
840 1514 1002 1576 interuenit,
1039 1520 1185 1585 utrumque

217 1603 388 1670 praestatur:
416 1599 443 1650 in
469 1595 585 1668 depositi
611 1613 677 1652 uero
704 1613 783 1652 eausa
809 1597 866 1652 sola
892 1597 1055 1670 deponentis
1083 1597 1184 1652 utilitas

218 1681 348 1742 uertitur,
376 1688 403 1735 et
424 1679 459 1734 ibi
481 1680 560 1735 dolus
584 1688 688 1736 tanturn
707 1689 869 1755 praestatur.
912 1679 940 1739 2.
964 1681 1017 1750 Sed
1037 1683 1064 1734 in
1086 1683 1183 1736 ceteris

218 1777 328 1837 quoque
348 1763 469 1838 partibus
489 1766 555 1820 iuris
577 1767 628 1821 ista
650 1765 745 1839 regula
765 1766 933 1821 custoditur:
956 1767 994 1820 sic
1016 1767 1087 1821 enirn
1108 1766 1183 1820 etin

218 1847 331 1904 fiduciae
352 1841 522 1910 'iudicium‚⁶
542 1857 569 1904 et
589 1851 617 1904 in
646 1843 811 1904 'actionem7
827 1852 867 1904 rei
888 1843 1032 1904 ’urroriac8
1048 1849 1128 1904 dotus
1156 1857 1184 1903 et

218 1933 296 2004 culpa
318 1931 468 1994 deducitur,
485 1935 546 2005 quia
559 1935 701 2006 utriusque
717 1935 901 1990 contrahentis
915 1935 1015 1990 utilitas
1024 1935 1181 1989 interuenit.

218 2013 246 2072 3.
263 2016 292 2069 ln
307 2016 425 2070 mandati
440 2033 505 2070 uero
527 2012 688 2072 'iudicium⁶
712 2017 806 2080 dolus,
834 2035 889 2074 nou
905 2021 986 2074 etiam
1002 2017 1079 2090 culpa
1100 2015 1184 2072 dedu·

219 2093 322 2154 citur:⁹
347 2101 468 2171 quamuis
490 2100 665 2174 singulariter
686 2100 816 2157 denotare
832 2102 924 2166 liceat,
940 2105 967 2157 in
983 2103 1084 2157 tutelae
1100 2101 1183 2156 ’iudi-
1243 2119 1251 2136 s

218 2176 313 2238 aium⁸
329 2191 473 2254 utrumque
489 2181 597 2245 deduci.
614 2202 675 2240 eum
690 2186 776 2241 solius
791 2185 899 2259 pupilli,
917 2204 972 2243 non
988 2187 1067 2242 etiam
1083 2187 1183 2241 tutoris

53 2325 56 2332 ,
147 2307 152 2322 ,
219 2267 320 2322 utilitas
346 2267 374 2320 in
401 2265 630 2321 administratione
657 2276 792 2324 uersetur.
837 2266 867 2325 4.
896 2271 1015 2344 Depositi
1041 2270 1182 2325 damnatus

219 2349 325 2404 infamis
348 2357 402 2410 est;
431 2349 476 2420 qui
499 2364 565 2402 uero
581 2351 743 2406 commodati
758 2351 913 2416 damnatur,
936 2371 991 2410 non
1011 2351 1040 2408 fit
1061 2354 1182 2408 infamis:

219 2432 289 2486 alter
300 2433 370 2486 enirn
385 2439 499 2504 propter
514 2431 620 2494 dolum,
638 2433 705 2488 alter
719 2443 833 2508 propter
850 2437 955 2509 culpam
978 2438 1180 2494 condemnatur.

288 2694 308 2759 1)
333 2699 426 2748 decimo
444 2697 478 2750 B.
503 2705 562 2748 ante
586 2700 671 2762 incipit
692 2701 721 2748 de
745 2700 860 2763 deposito.
902 2700 935 2748 In
962 2702 1009 2750 Ve.
1038 2701 1080 2749 Vi.
1106 2705 1181 2754 attriti.

217 2760 241 2827 ²)
260 2763 349 2814 Exod.
369 2774 402 2823 31,
422 2775 442 2814 t.
461 2774 480 2814 8.
551 2764 571 2826 ³)
591 2766 637 2815 Eae
654 2766 740 2816 Gaiae.
759 2770 794 2829 ej.
820 2769 987 2846 commendatp
1004 2767 1069 2818 cdd.
1088 2770 1127 2819 ed.
1141 2769 1180 2818 Bl.

219 2830 241 2894 ⁴)
261 2831 390 2895 supplevi.
476 2831 497 2894 15)
518 2831 591 2893 ana
607 2835 644 2882 sa'c
661 2836 802 2898 intellipere
821 2837 935 2884 videtur:
954 2851 1003 2885 non
1021 2839 1100 2885 solum
1117 2850 1179 2884 com·

218 2901 357 2957 madantis,
377 2903 446 2950 cuius
464 2903 571 2950 intereat
588 2917 641 2951 rem
658 2903 740 2964 ipsam
761 2907 856 2951 salvam
874 2917 943 2960 esse,
961 2905 1100 2952 sedetiam
1118 2918 1181 2952 cont-

219 2967 369 3024 modatarii,
390 2970 433 3031 qui
449 2983 502 3017 rem
519 2969 637 3018 utendum
654 2972 762 3032 aceepit.
789 2969 830 3033 Cf.
849 2970 882 3019 L.
896 2980 916 3018 5.
936 2968 962 3032 S.
976 2980 995 3018 2.
1015 2971 1047 3018 D.
1066 2973 1180 3020 commod.

218 3030 265 3094 (1³,
285 3032 316 3093 6).
353 3034 385 3088 L.
405 3043 437 3084 23.
457 3037 492 3085 D.
511 3038 543 3085 de
560 3052 613 3100 rep.
633 3038 681 3084 iar.
701 3033 743 3097 (33,
764 3035 808 3099 11).
844 3037 905 3087 Alio
924 3039 988 3086 enim
1005 3044 1122 3102 respectu
1141 3045 1182 3087 aut

219 3103 414 3151 commodatarii
431 3111 476 3151 aat
493 3103 671 3153 commodandis
689 3111 733 3151 aut
750 3106 880 3169 utriusque
899 3119 977 3154 caasa
990 3121 1033 3155 res
1046 3107 1181 3156 aonrmoda·

220 3173 269 3215 tur.
305 3169 337 3218 L.
357 3178 381 3218 18
399 3187 441 3234 pr.
460 3171 494 3222 D.
512 3172 545 3219 de
563 3171 681 3219 commod.
705 3169 754 3231 (13,
773 3172 805 3232 1).
841 3174 877 3222 uel
896 3175 971 3222 solius
989 3175 1129 3237 accipientis
1148 3177 1181 3224 uel

220 3237 342 3296 utriusque
366 3239 527 3286 contrahentis
551 3238 708 3286 Hotomanm‘
726 3237 796 3300 (ota.
816 3249 840 3296 4,
860 3238 894 3301 11)
918 3242 954 3301 ej.
1052 3240 1074 3303 ⁶)
1097 3243 1181 3292 iudicio

219 3301 285 3352 oda.
304 3305 362 3352 edd.
433 3304 454 3365 ⁷)
472 3304 538 3356 cad.
567 3307 733 3356 actioneedd.
805 3306 825 3370 ⁸)
846 3310 912 3356 uxori
927 3316 949 3356 et
966 3307 1001 3356 B.
1027 3311 1123 3358 uxoriae
1138 3307 1180 3358 Ve.

219 3369 324 3420 luxuriae
346 3372 387 3420 Va'¹
417 3373 513 3420 uxoriae
531 3379 554 3419 et
570 3373 610 3422 ed.
629 3370 671 3420 Bt.
770 3373 791 3434 ⁹)
817 3375 856 3436 Cf.
877 3375 1039 3438 bimaitans.
1059 3375 1142 3426 Civile.
1159 3394 1180 3426 u.

219 3436 298 3488 Proc.
317 3437 350 3485 Ν.
370 3438 399 3485 F.
423 3438 455 3486 V.
471 3454 500 3500 p.
521 3446 566 3486 111.
602 3440 679 3489 Alide
698 3439 751 3490 Cic.
770 3458 820 3504 pro
838 3441 913 3492 Rara.
933 3443 990 3495 Am.
1010 3451 1047 3500 31,
1066 3452 1099 3492 33.
