<?xml version="1.0" encoding="UTF-8"?>
<!DOCTYPE html PUBLIC "-//W3C//DTD XHTML 1.0 Transitional//EN"
    "http://www.w3.org/TR/xhtml1/DTD/xhtml1-transitional.dtd">
<html xmlns="http://www.w3.org/1999/xhtml" xml:lang="en" lang="en">
 <head>
  <title>
</title>
<meta http-equiv="Content-Type" content="text/html;charset=utf-8" />
  <meta name='ocr-system' content='tesseract 3.04.00' />
  <meta name='ocr-capabilities' content='ocr_page ocr_carea ocr_par ocr_line ocrx_word'/>
</head>
<body>
  <div class='ocr_page' id='page_1' title='image "./ivrisprvdentiae01huscgoog_0244.png"; bbox 0 0 2634 3960; ppageno 0'>
   <div class='ocr_carea' id='block_1_1' title="bbox 201 183 872 240">
    <p class='ocr_par' dir='ltr' id='par_1_1' title="bbox 201 183 872 240">
     <span class='ocr_line' id='line_1_1' title="bbox 201 183 872 240; baseline -0.001 -8"><span class='ocrx_word' id='word_1_1' title='bbox 201 185 251 233; x_wconf 78' lang='lat'>226</span> <span class='ocrx_word' id='word_1_2' title='bbox 405 238 407 240; x_wconf 54' lang='grc'><strong>,</strong></span> <span class='ocrx_word' id='word_1_3' title='bbox 498 196 560 230; x_wconf 74' lang='lat' dir='ltr'>ouri</span> <span class='ocrx_word' id='word_1_4' title='bbox 579 196 683 233; x_wconf 78' lang='lat' dir='ltr'>russin.</span> <span class='ocrx_word' id='word_1_5' title='bbox 702 183 742 233; x_wconf 90' lang='lat' dir='ltr'>lll.</span> <span class='ocrx_word' id='word_1_6' title='bbox 764 183 872 232; x_wconf 83' lang='grc'><strong>74-79.</strong></span> 
     </span>
    </p>
   </div>
   <div class='ocr_carea' id='block_1_2' title="bbox 7 337 1305 2860">
    <p class='ocr_par' dir='ltr' id='par_1_2' title="bbox 20 337 1169 760">
     <span class='ocr_line' id='line_1_2' title="bbox 202 337 1167 410; baseline 0.001 -15"><span class='ocrx_word' id='word_1_7' title='bbox 202 340 275 395; x_wconf 89' lang='lat' dir='ltr'>ciues</span> <span class='ocrx_word' id='word_1_8' title='bbox 296 337 408 393; x_wconf 86' lang='lat' dir='ltr'>Romani</span> <span class='ocrx_word' id='word_1_9' title='bbox 429 346 533 401; x_wconf 79' lang='lat' dir='ltr'><strong>essent,</strong></span> <span class='ocrx_word' id='word_1_10' title='bbox 549 337 634 392; x_wconf 92' lang='lat' dir='ltr'>diuus</span> <span class='ocrx_word' id='word_1_11' title='bbox 651 337 814 400; x_wconf 80' lang='lat' dir='ltr'><strong>Hadrianus,</strong></span> <span class='ocrx_word' id='word_1_12' title='bbox 840 339 983 410; x_wconf 79' lang='lat' dir='ltr'>iniquitate</span> <span class='ocrx_word' id='word_1_13' title='bbox 1004 339 1044 394; x_wconf 92' lang='lat' dir='ltr'>rei</span> <span class='ocrx_word' id='word_1_14' title='bbox 1063 350 1167 405; x_wconf 90' lang='lat' dir='ltr'>motus,</span> 
     </span>
     <span class='ocr_line' id='line_1_3' title="bbox 203 421 1169 496; baseline 0.004 -18"><span class='ocrx_word' id='word_1_15' title='bbox 203 430 297 479; x_wconf 87' lang='lat' dir='ltr'>auctor</span> <span class='ocrx_word' id='word_1_16' title='bbox 312 423 363 478; x_wconf 95' lang='lat' dir='ltr'>luit</span> <span class='ocrx_word' id='word_1_17' title='bbox 378 421 606 478; x_wconf 75' lang='lat' dir='ltr'>senatusconsulti</span> <span class='ocrx_word' id='word_1_18' title='bbox 619 421 757 494; x_wconf 88' lang='lat' dir='ltr'>faciundi,</span> <span class='ocrx_word' id='word_1_19' title='bbox 780 430 809 477; x_wconf 93' lang='lat' dir='ltr'>ut</span> <span class='ocrx_word' id='word_1_20' title='bbox 825 423 871 495; x_wconf 90' lang='lat' dir='ltr'>qui</span> <span class='ocrx_word' id='word_1_21' title='bbox 892 424 1037 496; x_wconf 78' lang='lat' dir='ltr'>ignorante</span> <span class='ocrx_word' id='word_1_22' title='bbox 1058 425 1103 480; x_wconf 92' lang='lat' dir='ltr'>uel</span> <span class='ocrx_word' id='word_1_23' title='bbox 1124 443 1169 482; x_wconf 88' lang='lat' dir='ltr'>re·</span> 
     </span>
     <span class='ocr_line' id='line_1_4' title="bbox 202 501 1167 581; baseline 0.001 -16.849"><span class='ocrx_word' id='word_1_24' title='bbox 202 515 312 564; x_wconf 87' lang='lat' dir='ltr'>cnsante</span> <span class='ocrx_word' id='word_1_25' title='bbox 327 514 442 581; x_wconf 90' lang='lat' dir='ltr'>patrono</span> <span class='ocrx_word' id='word_1_26' title='bbox 459 505 490 562; x_wconf 85' lang='lat' dir='ltr'>ab</span> <span class='ocrx_word' id='word_1_27' title='bbox 505 509 668 580; x_wconf 78' lang='lat' dir='ltr'>imperatore</span> <span class='ocrx_word' id='word_1_28' title='bbox 689 507 730 561; x_wconf 91' lang='lat' dir='ltr'>ius</span> <span class='ocrx_word' id='word_1_29' title='bbox 747 501 888 576; x_wconf 75' lang='lat' dir='ltr'>Quiritium</span> <span class='ocrx_word' id='word_1_30' title='bbox 910 509 1049 564; x_wconf 84' lang='lat' dir='ltr'>consecuti</span> <span class='ocrx_word' id='word_1_31' title='bbox 1064 518 1167 576; x_wconf 84' lang='lat' dir='ltr'>essent,</span> 
     </span>
     <span class='ocr_line' id='line_1_5' title="bbox 101 589 1166 666; baseline 0.006 -23.609"><span class='ocrx_word' id='word_1_32' title='bbox 101 599 102 602; x_wconf 75' lang='grc'>’</span> <span class='ocrx_word' id='word_1_33' title='bbox 139 651 140 654; x_wconf 11' lang='lat'>¹</span> <span class='ocrx_word' id='word_1_34' title='bbox 201 595 224 648; x_wconf 90' lang='lat' dir='ltr'>si</span> <span class='ocrx_word' id='word_1_35' title='bbox 240 609 272 648; x_wconf 91' lang='lat' dir='ltr'>eo</span> <span class='ocrx_word' id='word_1_36' title='bbox 288 593 347 646; x_wconf 91' lang='lat' dir='ltr'>iure</span> <span class='ocrx_word' id='word_1_37' title='bbox 362 599 458 664; x_wconf 91' lang='lat' dir='ltr'>postea</span> <span class='ocrx_word' id='word_1_38' title='bbox 475 593 516 648; x_wconf 89' lang='lat' dir='ltr'>usi</span> <span class='ocrx_word' id='word_1_39' title='bbox 531 599 636 653; x_wconf 89' lang='lat' dir='ltr'>essent,</span> <span class='ocrx_word' id='word_1_40' title='bbox 660 605 714 663; x_wconf 89' lang='lat' dir='ltr'>quo</span> <span class='ocrx_word' id='word_1_41' title='bbox 731 607 763 646; x_wconf 80' lang='lat' dir='ltr'>ex</span> <span class='ocrx_word' id='word_1_42' title='bbox 785 591 846 666; x_wconf 82' lang='lat' dir='ltr'>lege</span> <span class='ocrx_word' id='word_1_43' title='bbox 862 591 936 647; x_wconf 85' lang='lat' dir='ltr'>Aelia</span> <span class='ocrx_word' id='word_1_44' title='bbox 951 589 1043 648; x_wconf 77' lang='lat' dir='ltr'>Sentio</span> <span class='ocrx_word' id='word_1_45' title='bbox 1066 593 1110 649; x_wconf 92' lang='lat' dir='ltr'>uel</span> <span class='ocrx_word' id='word_1_46' title='bbox 1134 611 1166 649; x_wconf 77' lang='lat' dir='ltr'>ex</span> 
     </span>
     <span class='ocr_line' id='line_1_6' title="bbox 20 669 1166 760; baseline 0 -27"><span class='ocrx_word' id='word_1_47' title='bbox 20 669 67 760; x_wconf 54' lang='lat' dir='ltr'>nu</span> <span class='ocrx_word' id='word_1_48' title='bbox 201 676 453 741; x_wconf 88' lang='lat' dir='ltr'>senatusconsulto,</span> <span class='ocrx_word' id='word_1_49' title='bbox 484 677 506 730; x_wconf 95' lang='lat' dir='ltr'>si</span> <span class='ocrx_word' id='word_1_50' title='bbox 532 675 619 732; x_wconf 88' lang='lat' dir='ltr'>Latini</span> <span class='ocrx_word' id='word_1_51' title='bbox 645 677 821 738; x_wconf 88' lang='lat' dir='ltr'>mansissent,</span> <span class='ocrx_word' id='word_1_52' title='bbox 856 678 993 732; x_wconf 86' lang='lat' dir='ltr'>ciuitatem</span> <span class='ocrx_word' id='word_1_53' title='bbox 1020 675 1166 733; x_wconf 85' lang='lat' dir='ltr'>Romanam</span> 
     </span>
    </p>

    <p class='ocr_par' dir='ltr' id='par_1_3' title="bbox 20 758 1166 923">
     <span class='ocr_line' id='line_1_7' title="bbox 123 758 1166 834; baseline 0 -17"><span class='ocrx_word' id='word_1_54' title='bbox 123 797 124 802; x_wconf 22' lang='grc' dir='ltr'><strong><em>κ</em></strong></span> <span class='ocrx_word' id='word_1_55' title='bbox 201 767 442 834; x_wconf 87' lang='lat' dir='ltr'>consequerentur,</span> <span class='ocrx_word' id='word_1_56' title='bbox 457 760 571 834; x_wconf 83' lang='lat' dir='ltr'>proinde</span> <span class='ocrx_word' id='word_1_57' title='bbox 586 761 639 833; x_wconf 85' lang='lat' dir='ltr'>ipsi</span> <span class='ocrx_word' id='word_1_58' title='bbox 653 758 832 822; x_wconf 85' lang='lat' dir='ltr'>haberentur,</span> <span class='ocrx_word' id='word_1_59' title='bbox 849 776 879 815; x_wconf 91' lang='lat' dir='ltr'>ae</span> <span class='ocrx_word' id='word_1_60' title='bbox 894 763 917 830; x_wconf 87' lang='lat' dir='ltr'>si</span> <span class='ocrx_word' id='word_1_61' title='bbox 932 760 994 834; x_wconf 78' lang='lat' dir='ltr'>lege</span> <span class='ocrx_word' id='word_1_62' title='bbox 1009 761 1083 816; x_wconf 79' lang='lat' dir='ltr'>Aelia</span> <span class='ocrx_word' id='word_1_63' title='bbox 1099 761 1166 817; x_wconf 89' lang='lat' dir='ltr'>Seu·</span> 
     </span>
     <span class='ocr_line' id='line_1_8' title="bbox 201 841 1149 923; baseline 0.001 -22"><span class='ocrx_word' id='word_1_64' title='bbox 201 848 238 902; x_wconf 86' lang='lat' dir='ltr'>tia</span> <span class='ocrx_word' id='word_1_65' title='bbox 253 845 298 900; x_wconf 92' lang='lat' dir='ltr'>uel</span> <span class='ocrx_word' id='word_1_66' title='bbox 313 844 551 900; x_wconf 90' lang='lat' dir='ltr'>senatusconsulto</span> <span class='ocrx_word' id='word_1_67' title='bbox 568 844 600 900; x_wconf 90' lang='lat' dir='ltr'>ad</span> <span class='ocrx_word' id='word_1_68' title='bbox 616 845 751 900; x_wconf 89' lang='lat' dir='ltr'>ciuitatem</span> <span class='ocrx_word' id='word_1_69' title='bbox 766 843 910 901; x_wconf 88' lang='lat' dir='ltr'>Romanam</span> <span class='ocrx_word' id='word_1_70' title='bbox 925 847 1125 918; x_wconf 89' lang='lat' dir='ltr'>peruenissent.</span> <span class='ocrx_word' id='word_1_71' title='bbox 1144 841 1149 923; x_wconf 86' lang='grc' dir='ltr'>Ι</span> 
     </span>
    </p>

    <p class='ocr_par' dir='ltr' id='par_1_4' title="bbox 122 926 1166 1846">
     <span class='ocr_line' id='line_1_9' title="bbox 133 926 1166 1002; baseline -0.001 -16"><span class='ocrx_word' id='word_1_72' title='bbox 133 941 190 988; x_wconf 60' lang='lat'>147.</span> <span class='ocrx_word' id='word_1_73' title='bbox 264 926 311 985; x_wconf 87' lang='grc'>74.</span> <span class='ocrx_word' id='word_1_74' title='bbox 335 927 434 986; x_wconf 85' lang='lat' dir='ltr'>Eorum</span> <span class='ocrx_word' id='word_1_75' title='bbox 451 937 549 993; x_wconf 85' lang='lat' dir='ltr'>autem,</span> <span class='ocrx_word' id='word_1_76' title='bbox 567 945 635 1002; x_wconf 87' lang='lat' dir='ltr'>quos</span> <span class='ocrx_word' id='word_1_77' title='bbox 651 929 693 984; x_wconf 81' lang='lat' dir='ltr'>len</span> <span class='ocrx_word' id='word_1_78' title='bbox 711 929 783 984; x_wconf 82' lang='lat' dir='ltr'>Aelia</span> <span class='ocrx_word' id='word_1_79' title='bbox 798 929 889 984; x_wconf 89' lang='lat' dir='ltr'>Sentia</span> <span class='ocrx_word' id='word_1_80' title='bbox 910 929 1099 985; x_wconf 84' lang='lat' dir='ltr'>dediticiorum</span> <span class='ocrx_word' id='word_1_81' title='bbox 1115 948 1166 986; x_wconf 92' lang='lat' dir='ltr'>nu·</span> 
     </span>
     <span class='ocr_line' id='line_1_10' title="bbox 143 1012 1165 1088; baseline -0.001 -18"><span class='ocrx_word' id='word_1_82' title='bbox 143 1075 144 1078; x_wconf 8' lang='grc' dir='ltr'><strong>Ἴ</strong></span> <span class='ocrx_word' id='word_1_83' title='bbox 200 1031 275 1070; x_wconf 87' lang='lat' dir='ltr'>mero</span> <span class='ocrx_word' id='word_1_84' title='bbox 292 1014 368 1075; x_wconf 88' lang='lat' dir='ltr'>lacit,</span> <span class='ocrx_word' id='word_1_85' title='bbox 384 1012 454 1070; x_wconf 90' lang='lat' dir='ltr'>bona</span> <span class='ocrx_word' id='word_1_86' title='bbox 469 1013 551 1070; x_wconf 91' lang='lat' dir='ltr'>modo</span> <span class='ocrx_word' id='word_1_87' title='bbox 568 1015 643 1088; x_wconf 90' lang='lat' dir='ltr'>quasi</span> <span class='ocrx_word' id='word_1_88' title='bbox 659 1017 764 1070; x_wconf 82' lang='lat' dir='ltr'>ciuium</span> <span class='ocrx_word' id='word_1_89' title='bbox 779 1015 976 1070; x_wconf 83' lang='lat' dir='ltr'>Romanorum</span> <span class='ocrx_word' id='word_1_90' title='bbox 991 1012 1165 1076; x_wconf 89' lang='lat' dir='ltr'>libertorum,</span> 
     </span>
     <span class='ocr_line' id='line_1_11' title="bbox 122 1094 1163 1171; baseline -0.001 -17"><span class='ocrx_word' id='word_1_91' title='bbox 122 1105 123 1108; x_wconf 76' lang='grc'>’</span> <span class='ocrx_word' id='word_1_92' title='bbox 199 1099 280 1154; x_wconf 89' lang='lat' dir='ltr'>modo</span> <span class='ocrx_word' id='word_1_93' title='bbox 306 1099 382 1171; x_wconf 91' lang='lat' dir='ltr'>quasi</span> <span class='ocrx_word' id='word_1_94' title='bbox 407 1097 565 1154; x_wconf 89' lang='lat' dir='ltr'>Latinorum</span> <span class='ocrx_word' id='word_1_95' title='bbox 589 1098 621 1152; x_wconf 89' lang='lat' dir='ltr'>ad</span> <span class='ocrx_word' id='word_1_96' title='bbox 652 1105 783 1171; x_wconf 90' lang='lat' dir='ltr'>patronos</span> <span class='ocrx_word' id='word_1_97' title='bbox 816 1099 962 1170; x_wconf 89' lang='lat' dir='ltr'>pertinent.</span> <span class='ocrx_word' id='word_1_98' title='bbox 1019 1094 1064 1155; x_wconf 73' lang='lat'>75.</span> <span class='ocrx_word' id='word_1_99' title='bbox 1099 1099 1163 1154; x_wconf 91' lang='lat' dir='ltr'>Nam</span> 
     </span>
     <span class='ocr_line' id='line_1_12' title="bbox 200 1182 1164 1256; baseline -0.001 -17"><span class='ocrx_word' id='word_1_100' title='bbox 200 1199 294 1239; x_wconf 88' lang='lat' dir='ltr'>eorum</span> <span class='ocrx_word' id='word_1_101' title='bbox 319 1182 403 1244; x_wconf 90' lang='lat' dir='ltr'>bona,</span> <span class='ocrx_word' id='word_1_102' title='bbox 431 1184 491 1256; x_wconf 87' lang='lat' dir='ltr'>qui,</span> <span class='ocrx_word' id='word_1_103' title='bbox 513 1184 537 1238; x_wconf 90' lang='lat' dir='ltr'>si</span> <span class='ocrx_word' id='word_1_104' title='bbox 556 1187 584 1238; x_wconf 85' lang='lat' dir='ltr'>in</span> <span class='ocrx_word' id='word_1_105' title='bbox 606 1182 695 1255; x_wconf 89' lang='lat' dir='ltr'>aliquo</span> <span class='ocrx_word' id='word_1_106' title='bbox 717 1183 783 1238; x_wconf 89' lang='lat' dir='ltr'>uitio</span> <span class='ocrx_word' id='word_1_107' title='bbox 805 1199 860 1237; x_wconf 90' lang='lat' dir='ltr'>non</span> <span class='ocrx_word' id='word_1_108' title='bbox 882 1191 986 1244; x_wconf 85' lang='lat' dir='ltr'>essent,</span> <span class='ocrx_word' id='word_1_109' title='bbox 1009 1185 1164 1238; x_wconf 89' lang='lat' dir='ltr'>manumissi</span> 
     </span>
     <span class='ocr_line' id='line_1_13' title="bbox 199 1265 1164 1341; baseline -0.002 -18"><span class='ocrx_word' id='word_1_110' title='bbox 199 1269 273 1324; x_wconf 88' lang='lat' dir='ltr'>ciues</span> <span class='ocrx_word' id='word_1_111' title='bbox 289 1267 400 1324; x_wconf 89' lang='lat' dir='ltr'>Romani</span> <span class='ocrx_word' id='word_1_112' title='bbox 416 1267 621 1328; x_wconf 83' lang='lat' dir='ltr'>iuturi&#39;essent‚</span> <span class='ocrx_word' id='word_1_113' title='bbox 639 1269 714 1341; x_wconf 91' lang='lat' dir='ltr'>quasi</span> <span class='ocrx_word' id='word_1_114' title='bbox 729 1267 828 1322; x_wconf 87' lang='lat' dir='ltr'>oinium</span> <span class='ocrx_word' id='word_1_115' title='bbox 844 1265 1026 1323; x_wconf 89' lang='lat' dir='ltr'>Romanorum</span> <span class='ocrx_word' id='word_1_116' title='bbox 1041 1268 1164 1340; x_wconf 90' lang='lat' dir='ltr'>patronis</span> 
     </span>
     <span class='ocr_line' id='line_1_14' title="bbox 199 1351 1163 1426; baseline -0.001 -19"><span class='ocrx_word' id='word_1_117' title='bbox 199 1353 292 1407; x_wconf 91' lang='lat' dir='ltr'>eadem</span> <span class='ocrx_word' id='word_1_118' title='bbox 308 1352 370 1426; x_wconf 82' lang='lat' dir='ltr'>lege</span> <span class='ocrx_word' id='word_1_119' title='bbox 387 1351 556 1406; x_wconf 84' lang='lat' dir='ltr'>tribuuntur:</span> <span class='ocrx_word' id='word_1_120' title='bbox 578 1367 633 1406; x_wconf 90' lang='lat' dir='ltr'>non</span> <span class='ocrx_word' id='word_1_121' title='bbox 649 1357 738 1406; x_wconf 88' lang='lat' dir='ltr'>tamen</span> <span class='ocrx_word' id='word_1_122' title='bbox 754 1351 781 1406; x_wconf 83' lang='lat' dir='ltr'>hi</span> <span class='ocrx_word' id='word_1_123' title='bbox 797 1351 896 1407; x_wconf 90' lang='lat' dir='ltr'>habent</span> <span class='ocrx_word' id='word_1_124' title='bbox 912 1353 990 1406; x_wconf 88' lang='lat' dir='ltr'>etiam</span> <span class='ocrx_word' id='word_1_125' title='bbox 1007 1354 1163 1408; x_wconf 85' lang='lat' dir='ltr'>testamenti</span> 
     </span>
     <span class='ocr_line' id='line_1_15' title="bbox 198 1434 1163 1508; baseline -0.002 -16"><span class='ocrx_word' id='word_1_126' title='bbox 198 1437 358 1492; x_wconf 84' lang='lat' dir='ltr'>factionem:</span> <span class='ocrx_word' id='word_1_127' title='bbox 374 1435 476 1490; x_wconf 83' lang='lat' dir='ltr'>numid</span> <span class='ocrx_word' id='word_1_128' title='bbox 491 1434 633 1508; x_wconf 90' lang='lat' dir='ltr'>plerisque</span> <span class='ocrx_word' id='word_1_129' title='bbox 648 1435 757 1508; x_wconf 88' lang='lat' dir='ltr'>placuit,</span> <span class='ocrx_word' id='word_1_130' title='bbox 774 1452 824 1490; x_wconf 91' lang='lat' dir='ltr'>nee</span> <span class='ocrx_word' id='word_1_131' title='bbox 839 1437 974 1491; x_wconf 85' lang='lat' dir='ltr'>inmerito.</span> <span class='ocrx_word' id='word_1_132' title='bbox 1000 1453 1060 1490; x_wconf 92' lang='lat' dir='ltr'>uam</span> <span class='ocrx_word' id='word_1_133' title='bbox 1075 1439 1163 1492; x_wconf 88' lang='lat' dir='ltr'>incre·</span> 
     </span>
     <span class='ocr_line' id='line_1_16' title="bbox 198 1518 1163 1594; baseline -0.001 -19"><span class='ocrx_word' id='word_1_134' title='bbox 198 1520 278 1577; x_wconf 89' lang='lat' dir='ltr'>dibile</span> <span class='ocrx_word' id='word_1_135' title='bbox 294 1518 444 1582; x_wconf 90' lang='lat' dir='ltr'>uidebatur,</span> <span class='ocrx_word' id='word_1_136' title='bbox 457 1519 594 1592; x_wconf 81' lang='lat' dir='ltr'>pessimae</span> <span class='ocrx_word' id='word_1_137' title='bbox 606 1519 771 1575; x_wconf 88' lang='lat' dir='ltr'>condicionis</span> <span class='ocrx_word' id='word_1_138' title='bbox 787 1519 940 1575; x_wconf 91' lang='lat' dir='ltr'>hominibus</span> <span class='ocrx_word' id='word_1_139' title='bbox 956 1520 1077 1576; x_wconf 88' lang='lat' dir='ltr'>uoluisse</span> <span class='ocrx_word' id='word_1_140' title='bbox 1093 1521 1163 1594; x_wconf 81' lang='lat' dir='ltr'>legis</span> 
     </span>
     <span class='ocr_line' id='line_1_17' title="bbox 198 1601 1163 1661; baseline 0 -2"><span class='ocrx_word' id='word_1_141' title='bbox 198 1605 313 1660; x_wconf 90' lang='lat' dir='ltr'>latorem</span> <span class='ocrx_word' id='word_1_142' title='bbox 328 1605 483 1659; x_wconf 85' lang='lat' dir='ltr'>testamenti</span> <span class='ocrx_word' id='word_1_143' title='bbox 497 1603 615 1658; x_wconf 87' lang='lat' dir='ltr'>laeiundi</span> <span class='ocrx_word' id='word_1_144' title='bbox 637 1605 680 1658; x_wconf 93' lang='lat' dir='ltr'>ius</span> <span class='ocrx_word' id='word_1_145' title='bbox 702 1604 859 1659; x_wconf 89' lang='lat' dir='ltr'>concedere.</span> <span class='ocrx_word' id='word_1_146' title='bbox 905 1601 952 1660; x_wconf 88' lang='grc'>76.</span> <span class='ocrx_word' id='word_1_147' title='bbox 975 1603 1075 1661; x_wconf 85' lang='lat' dir='ltr'>Eorum</span> <span class='ocrx_word' id='word_1_148' title='bbox 1097 1621 1163 1660; x_wconf 89' lang='lat' dir='ltr'>nero</span> 
     </span>
     <span class='ocr_line' id='line_1_18' title="bbox 197 1688 1164 1761; baseline -0.002 -17"><span class='ocrx_word' id='word_1_149' title='bbox 197 1689 283 1750; x_wconf 89' lang='lat' dir='ltr'>bona,</span> <span class='ocrx_word' id='word_1_150' title='bbox 300 1689 360 1761; x_wconf 87' lang='lat' dir='ltr'>qui,</span> <span class='ocrx_word' id='word_1_151' title='bbox 377 1689 400 1742; x_wconf 92' lang='lat' dir='ltr'>si</span> <span class='ocrx_word' id='word_1_152' title='bbox 415 1705 471 1744; x_wconf 90' lang='lat' dir='ltr'>nou</span> <span class='ocrx_word' id='word_1_153' title='bbox 486 1690 514 1743; x_wconf 92' lang='lat' dir='ltr'>in</span> <span class='ocrx_word' id='word_1_154' title='bbox 530 1688 619 1760; x_wconf 90' lang='lat' dir='ltr'>aliquo</span> <span class='ocrx_word' id='word_1_155' title='bbox 636 1689 703 1743; x_wconf 90' lang='lat' dir='ltr'>uitio</span> <span class='ocrx_word' id='word_1_156' title='bbox 720 1697 824 1752; x_wconf 89' lang='lat' dir='ltr'>essent,</span> <span class='ocrx_word' id='word_1_157' title='bbox 842 1691 998 1746; x_wconf 92' lang='lat' dir='ltr'>manumissi</span> <span class='ocrx_word' id='word_1_158' title='bbox 1013 1690 1098 1744; x_wconf 82' lang='lat' dir='ltr'>futuri</span> <span class='ocrx_word' id='word_1_159' title='bbox 1112 1689 1164 1743; x_wconf 88' lang='lat' dir='ltr'>La·</span> 
     </span>
     <span class='ocr_line' id='line_1_19' title="bbox 198 1772 1162 1846; baseline -0.002 -18"><span class='ocrx_word' id='word_1_160' title='bbox 198 1775 248 1829; x_wconf 91' lang='lat' dir='ltr'>tini</span> <span class='ocrx_word' id='word_1_161' title='bbox 263 1781 368 1833; x_wconf 89' lang='lat' dir='ltr'>essent,</span> <span class='ocrx_word' id='word_1_162' title='bbox 385 1772 500 1845; x_wconf 88' lang='lat' dir='ltr'>proinde</span> <span class='ocrx_word' id='word_1_163' title='bbox 515 1772 673 1828; x_wconf 89' lang='lat' dir='ltr'>tribuuntur</span> <span class='ocrx_word' id='word_1_164' title='bbox 687 1775 825 1846; x_wconf 79' lang='lat' dir='ltr'>patroniS,</span> <span class='ocrx_word' id='word_1_165' title='bbox 842 1791 872 1829; x_wconf 89' lang='lat' dir='ltr'>ao</span> <span class='ocrx_word' id='word_1_166' title='bbox 888 1776 910 1829; x_wconf 90' lang='lat' dir='ltr'>si</span> <span class='ocrx_word' id='word_1_167' title='bbox 925 1773 1011 1828; x_wconf 78' lang='lat' dir='ltr'>latini</span> <span class='ocrx_word' id='word_1_168' title='bbox 1027 1774 1162 1829; x_wconf 85' lang='lat' dir='ltr'>decessis-</span> 
     </span>
    </p>

    <p class='ocr_par' dir='ltr' id='par_1_5' title="bbox 7 1857 1161 1932">
     <span class='ocr_line' id='line_1_20' title="bbox 7 1857 1161 1932; baseline -0.003 -18"><span class='ocrx_word' id='word_1_169' title='bbox 7 1911 12 1926; x_wconf 71' lang='lat'>,</span> <span class='ocrx_word' id='word_1_170' title='bbox 67 1921 68 1924; x_wconf 8' lang='grc' dir='ltr'><strong>Ἴ</strong></span> <span class='ocrx_word' id='word_1_171' title='bbox 198 1865 271 1914; x_wconf 88' lang='lat' dir='ltr'>sent:</span> <span class='ocrx_word' id='word_1_172' title='bbox 288 1873 338 1912; x_wconf 90' lang='lat' dir='ltr'>nec</span> <span class='ocrx_word' id='word_1_173' title='bbox 353 1874 395 1912; x_wconf 90' lang='lat' dir='ltr'>me</span> <span class='ocrx_word' id='word_1_174' title='bbox 410 1859 547 1930; x_wconf 88' lang='lat' dir='ltr'>praeterit,</span> <span class='ocrx_word' id='word_1_175' title='bbox 564 1873 618 1913; x_wconf 91' lang='lat' dir='ltr'>non</span> <span class='ocrx_word' id='word_1_176' title='bbox 634 1859 699 1912; x_wconf 91' lang='lat' dir='ltr'>satis</span> <span class='ocrx_word' id='word_1_177' title='bbox 715 1859 742 1912; x_wconf 92' lang='lat' dir='ltr'>in</span> <span class='ocrx_word' id='word_1_178' title='bbox 758 1874 788 1912; x_wconf 89' lang='lat' dir='ltr'>ca</span> <span class='ocrx_word' id='word_1_179' title='bbox 802 1874 833 1913; x_wconf 86' lang='lat' dir='ltr'>re</span> <span class='ocrx_word' id='word_1_180' title='bbox 848 1859 917 1932; x_wconf 85' lang='lat' dir='ltr'>legis</span> <span class='ocrx_word' id='word_1_181' title='bbox 933 1858 1046 1913; x_wconf 89' lang='lat' dir='ltr'>latorem</span> <span class='ocrx_word' id='word_1_182' title='bbox 1063 1857 1161 1912; x_wconf 90' lang='lat' dir='ltr'>uoluu-</span> 
     </span>
    </p>

    <p class='ocr_par' dir='ltr' id='par_1_6' title="bbox 17 1937 756 2015">
     <span class='ocr_line' id='line_1_21' title="bbox 17 1937 756 2015; baseline 0.001 -19"><span class='ocrx_word' id='word_1_183' title='bbox 17 1965 28 1996; x_wconf 55' lang='grc' dir='ltr'><em>κ</em></span> <span class='ocrx_word' id='word_1_184' title='bbox 111 1959 112 1962; x_wconf 67' lang='grc'>’</span> <span class='ocrx_word' id='word_1_185' title='bbox 197 1951 280 1998; x_wconf 89' lang='lat' dir='ltr'>tatem</span> <span class='ocrx_word' id='word_1_186' title='bbox 296 1957 371 1996; x_wconf 91' lang='lat' dir='ltr'>suam</span> <span class='ocrx_word' id='word_1_187' title='bbox 389 1941 477 2000; x_wconf 90' lang='lat' dir='ltr'>uerbis</span> <span class='ocrx_word' id='word_1_188' title='bbox 493 1946 671 2015; x_wconf 80' lang='lat' dir='ltr'>expressisse.</span> <span class='ocrx_word' id='word_1_189' title='bbox 754 1937 756 1942; x_wconf 76' lang='grc'><strong>’</strong></span> 
     </span>
    </p>

    <p class='ocr_par' dir='ltr' id='par_1_7' title="bbox 7 2023 1305 2439">
     <span class='ocr_line' id='line_1_22' title="bbox 7 2023 1162 2100; baseline -0.002 -17"><span class='ocrx_word' id='word_1_190' title='bbox 7 2035 11 2044; x_wconf 96' lang='grc'>’</span> <span class='ocrx_word' id='word_1_191' title='bbox 259 2023 303 2083; x_wconf 85' lang='grc'>77.</span> <span class='ocrx_word' id='word_1_192' title='bbox 327 2026 468 2082; x_wconf 90' lang='lat' dir='ltr'>Videamus</span> <span class='ocrx_word' id='word_1_193' title='bbox 489 2035 579 2082; x_wconf 89' lang='lat' dir='ltr'>autem</span> <span class='ocrx_word' id='word_1_194' title='bbox 595 2034 622 2081; x_wconf 91' lang='lat' dir='ltr'>et</span> <span class='ocrx_word' id='word_1_195' title='bbox 637 2026 671 2082; x_wconf 92' lang='lat' dir='ltr'>de</span> <span class='ocrx_word' id='word_1_196' title='bbox 686 2042 716 2081; x_wconf 93' lang='lat' dir='ltr'>ea</span> <span class='ocrx_word' id='word_1_197' title='bbox 732 2027 918 2089; x_wconf 88' lang='lat' dir='ltr'>successione,</span> <span class='ocrx_word' id='word_1_198' title='bbox 942 2043 1011 2100; x_wconf 89' lang='lat' dir='ltr'>quae</span> <span class='ocrx_word' id='word_1_199' title='bbox 1033 2027 1111 2083; x_wconf 90' lang='lat' dir='ltr'>nobis</span> <span class='ocrx_word' id='word_1_200' title='bbox 1129 2044 1162 2082; x_wconf 84' lang='lat' dir='ltr'>ex</span> 
     </span>
     <span class='ocr_line' id='line_1_23' title="bbox 196 2107 1161 2186; baseline -0.002 -18"><span class='ocrx_word' id='word_1_201' title='bbox 196 2113 332 2186; x_wconf 89' lang='lat' dir='ltr'>emptione</span> <span class='ocrx_word' id='word_1_202' title='bbox 353 2110 486 2167; x_wconf 92' lang='lat' dir='ltr'>bonorum</span> <span class='ocrx_word' id='word_1_203' title='bbox 506 2112 645 2184; x_wconf 87' lang='lat' dir='ltr'>competit.</span> <span class='ocrx_word' id='word_1_204' title='bbox 696 2107 742 2168; x_wconf 86' lang='grc'>78.</span> <span class='ocrx_word' id='word_1_205' title='bbox 772 2111 845 2166; x_wconf 86' lang='lat' dir='ltr'>Bona</span> <span class='ocrx_word' id='word_1_206' title='bbox 866 2116 954 2166; x_wconf 90' lang='lat' dir='ltr'>autem</span> <span class='ocrx_word' id='word_1_207' title='bbox 972 2119 1093 2168; x_wconf 88' lang='lat' dir='ltr'>ueneunt</span> <span class='ocrx_word' id='word_1_208' title='bbox 1114 2121 1161 2168; x_wconf 91' lang='lat' dir='ltr'>aut</span> 
     </span>
     <span class='ocr_line' id='line_1_24' title="bbox 196 2195 1161 2268; baseline -0.002 -16"><span class='ocrx_word' id='word_1_209' title='bbox 196 2199 321 2253; x_wconf 89' lang='lat' dir='ltr'>uiuorum</span> <span class='ocrx_word' id='word_1_210' title='bbox 338 2204 383 2251; x_wconf 91' lang='lat' dir='ltr'>aut</span> <span class='ocrx_word' id='word_1_211' title='bbox 398 2204 582 2251; x_wconf 89' lang='lat' dir='ltr'>mortuorum:</span> <span class='ocrx_word' id='word_1_212' title='bbox 606 2197 743 2257; x_wconf 87' lang='lat' dir='ltr'>uiuorum,</span> <span class='ocrx_word' id='word_1_213' title='bbox 762 2195 836 2250; x_wconf 93' lang='lat' dir='ltr'>uelut</span> <span class='ocrx_word' id='word_1_214' title='bbox 852 2211 961 2260; x_wconf 89' lang='lat' dir='ltr'>eorum,</span> <span class='ocrx_word' id='word_1_215' title='bbox 986 2198 1032 2268; x_wconf 91' lang='lat' dir='ltr'>qui</span> <span class='ocrx_word' id='word_1_216' title='bbox 1053 2196 1161 2251; x_wconf 84' lang='lat' dir='ltr'>frauda·</span> 
     </span>
     <span class='ocr_line' id='line_1_25' title="bbox 195 2279 1158 2343; baseline -0.001 -7"><span class='ocrx_word' id='word_1_217' title='bbox 195 2283 278 2336; x_wconf 92' lang='lat' dir='ltr'>tionis</span> <span class='ocrx_word' id='word_1_218' title='bbox 294 2297 373 2336; x_wconf 88' lang='lat' dir='ltr'>eausa</span> <span class='ocrx_word' id='word_1_219' title='bbox 388 2280 508 2343; x_wconf 90' lang='lat' dir='ltr'>latitant,</span> <span class='ocrx_word' id='word_1_220' title='bbox 531 2296 581 2335; x_wconf 90' lang='lat' dir='ltr'>neo</span> <span class='ocrx_word' id='word_1_221' title='bbox 601 2279 725 2336; x_wconf 87' lang='lat' dir='ltr'>absentes</span> <span class='ocrx_word' id='word_1_222' title='bbox 747 2279 943 2342; x_wconf 65' lang='lat' dir='ltr'>defendundum</span> <span class='ocrx_word' id='word_1_223' title='bbox 966 2282 1031 2336; x_wconf 91' lang='lat' dir='ltr'>item</span> <span class='ocrx_word' id='word_1_224' title='bbox 1053 2297 1158 2342; x_wconf 91' lang='lat' dir='ltr'>eorum,</span> 
     </span>
     <span class='ocr_line' id='line_1_26' title="bbox 196 2361 1305 2439; baseline -0.001 -19"><span class='ocrx_word' id='word_1_225' title='bbox 196 2368 242 2439; x_wconf 86' lang='lat' dir='ltr'>qui</span> <span class='ocrx_word' id='word_1_226' title='bbox 258 2383 290 2421; x_wconf 87' lang='lat' dir='ltr'>ex</span> <span class='ocrx_word' id='word_1_227' title='bbox 305 2364 367 2438; x_wconf 82' lang='lat' dir='ltr'>lege</span> <span class='ocrx_word' id='word_1_228' title='bbox 382 2361 448 2420; x_wconf 89' lang='lat' dir='ltr'>lulia</span> <span class='ocrx_word' id='word_1_229' title='bbox 462 2363 540 2420; x_wconf 88' lang='lat' dir='ltr'>honis</span> <span class='ocrx_word' id='word_1_230' title='bbox 556 2364 669 2427; x_wconf 88' lang='lat' dir='ltr'>cedunt;</span> <span class='ocrx_word' id='word_1_231' title='bbox 686 2366 749 2419; x_wconf 92' lang='lat' dir='ltr'>item</span> <span class='ocrx_word' id='word_1_232' title='bbox 765 2364 944 2422; x_wconf 87' lang='lat' dir='ltr'>iudicatorum</span> <span class='ocrx_word' id='word_1_233' title='bbox 960 2373 1023 2438; x_wconf 90' lang='lat' dir='ltr'>post</span> <span class='ocrx_word' id='word_1_234' title='bbox 1040 2373 1157 2437; x_wconf 88' lang='lat' dir='ltr'>tempus,</span> <span class='ocrx_word' id='word_1_235' title='bbox 1303 2431 1305 2438; x_wconf 19' lang='lat' dir='ltr'>y</span> 
     </span>
    </p>

    <p class='ocr_par' dir='ltr' id='par_1_8' title="bbox 116 2447 1305 2692">
     <span class='ocr_line' id='line_1_27' title="bbox 116 2447 1305 2523; baseline 0 -19"><span class='ocrx_word' id='word_1_236' title='bbox 116 2483 118 2486; x_wconf 31' lang='grc' dir='ltr'><em>ν</em></span> <span class='ocrx_word' id='word_1_237' title='bbox 196 2450 268 2523; x_wconf 91' lang='lat' dir='ltr'>quod</span> <span class='ocrx_word' id='word_1_238' title='bbox 290 2451 328 2505; x_wconf 89' lang='lat' dir='ltr'>eis</span> <span class='ocrx_word' id='word_1_239' title='bbox 349 2450 446 2522; x_wconf 88' lang='lat' dir='ltr'>partim</span> <span class='ocrx_word' id='word_1_240' title='bbox 467 2449 529 2522; x_wconf 84' lang='lat' dir='ltr'>lege</span> <span class='ocrx_word' id='word_1_241' title='bbox 549 2465 596 2504; x_wconf 85' lang='lat' dir='ltr'>x11</span> <span class='ocrx_word' id='word_1_242' title='bbox 618 2447 768 2522; x_wconf 87' lang='lat' dir='ltr'>tabularum</span> <span class='ocrx_word' id='word_1_243' title='bbox 788 2451 886 2522; x_wconf 88' lang='lat' dir='ltr'>partim</span> <span class='ocrx_word' id='word_1_244' title='bbox 909 2449 998 2505; x_wconf 88' lang='lat' dir='ltr'>edicto</span> <span class='ocrx_word' id='word_1_245' title='bbox 1025 2451 1159 2522; x_wconf 87' lang='lat' dir='ltr'>praetoris</span> <span class='ocrx_word' id='word_1_246' title='bbox 1242 2470 1245 2474; x_wconf 91' lang='lat'>·</span> <span class='ocrx_word' id='word_1_247' title='bbox 1303 2459 1305 2466; x_wconf 83' lang='grc'><strong>“</strong></span> 
     </span>
     <span class='ocr_line' id='line_1_28' title="bbox 196 2532 1159 2607; baseline -0.001 -17"><span class='ocrx_word' id='word_1_248' title='bbox 196 2535 228 2590; x_wconf 91' lang='lat' dir='ltr'>ad</span> <span class='ocrx_word' id='word_1_249' title='bbox 244 2532 436 2607; x_wconf 83' lang='lat' dir='ltr'>expediendam</span> <span class='ocrx_word' id='word_1_250' title='bbox 451 2535 590 2606; x_wconf 91' lang='lat' dir='ltr'>pecuniam</span> <span class='ocrx_word' id='word_1_251' title='bbox 603 2533 740 2589; x_wconf 89' lang='lat' dir='ltr'>tribuitur.</span> <span class='ocrx_word' id='word_1_252' title='bbox 765 2542 935 2589; x_wconf 92' lang='lat' dir='ltr'>mortuorum</span> <span class='ocrx_word' id='word_1_253' title='bbox 947 2532 1017 2589; x_wconf 91' lang='lat' dir='ltr'>hona</span> <span class='ocrx_word' id='word_1_254' title='bbox 1031 2542 1159 2595; x_wconf 81' lang='lat' dir='ltr'>aeneum,</span> 
     </span>
     <span class='ocr_line' id='line_1_29' title="bbox 197 2616 1158 2692; baseline -0.001 -19"><span class='ocrx_word' id='word_1_255' title='bbox 197 2619 273 2673; x_wconf 91' lang='lat' dir='ltr'>uelut</span> <span class='ocrx_word' id='word_1_256' title='bbox 289 2633 391 2680; x_wconf 89' lang='lat' dir='ltr'>eorum,</span> <span class='ocrx_word' id='word_1_257' title='bbox 410 2616 506 2689; x_wconf 88' lang='lat' dir='ltr'>quibus</span> <span class='ocrx_word' id='word_1_258' title='bbox 522 2624 626 2672; x_wconf 88' lang='lat' dir='ltr'>eertum</span> <span class='ocrx_word' id='word_1_259' title='bbox 643 2627 684 2673; x_wconf 90' lang='lat' dir='ltr'>est</span> <span class='ocrx_word' id='word_1_260' title='bbox 695 2634 783 2691; x_wconf 89' lang='lat' dir='ltr'>neque</span> <span class='ocrx_word' id='word_1_261' title='bbox 796 2618 910 2673; x_wconf 88' lang='lat' dir='ltr'>heredes</span> <span class='ocrx_word' id='word_1_262' title='bbox 922 2634 1012 2692; x_wconf 89' lang='lat' dir='ltr'>neque</span> <span class='ocrx_word' id='word_1_263' title='bbox 1024 2617 1158 2673; x_wconf 89' lang='lat' dir='ltr'>bonorum</span> 
     </span>
    </p>

    <p class='ocr_par' dir='ltr' id='par_1_9' title="bbox 128 2695 1158 2860">
     <span class='ocr_line' id='line_1_30' title="bbox 128 2695 1156 2781; baseline 0 -25"><span class='ocrx_word' id='word_1_264' title='bbox 128 2708 185 2757; x_wconf 71' lang='lat'>148.</span> <span class='ocrx_word' id='word_1_265' title='bbox 196 2718 369 2776; x_wconf 88' lang='lat' dir='ltr'>possessores</span> <span class='ocrx_word' id='word_1_266' title='bbox 385 2718 474 2775; x_wconf 90' lang='lat' dir='ltr'>neque</span> <span class='ocrx_word' id='word_1_267' title='bbox 491 2701 574 2757; x_wconf 94' lang='lat' dir='ltr'>ullum</span> <span class='ocrx_word' id='word_1_268' title='bbox 590 2702 671 2758; x_wconf 92' lang='lat' dir='ltr'>alium</span> <span class='ocrx_word' id='word_1_269' title='bbox 688 2695 692 2781; x_wconf 67' lang='lat' dir='ltr'>l</span> <span class='ocrx_word' id='word_1_270' title='bbox 708 2704 809 2758; x_wconf 91' lang='lat' dir='ltr'>iustum</span> <span class='ocrx_word' id='word_1_271' title='bbox 831 2699 1017 2759; x_wconf 83' lang='lat' dir='ltr'>successoiem</span> <span class='ocrx_word' id='word_1_272' title='bbox 1032 2704 1156 2758; x_wconf 76' lang='lat' dir='ltr'>existere.</span> 
     </span>
     <span class='ocr_line' id='line_1_31' title="bbox 194 2783 1158 2860; baseline -0.001 -18"><span class='ocrx_word' id='word_1_273' title='bbox 194 2783 241 2842; x_wconf 88' lang='grc'>79.</span> <span class='ocrx_word' id='word_1_274' title='bbox 265 2785 293 2841; x_wconf 85' lang='lat' dir='ltr'>Si</span> <span class='ocrx_word' id='word_1_275' title='bbox 315 2785 421 2858; x_wconf 90' lang='lat' dir='ltr'>quidem</span> <span class='ocrx_word' id='word_1_276' title='bbox 444 2787 499 2842; x_wconf 93' lang='lat' dir='ltr'>uiui</span> <span class='ocrx_word' id='word_1_277' title='bbox 515 2786 585 2842; x_wconf 90' lang='lat' dir='ltr'>bona</span> <span class='ocrx_word' id='word_1_278' title='bbox 601 2795 731 2850; x_wconf 90' lang='lat' dir='ltr'>ueneant,</span> <span class='ocrx_word' id='word_1_279' title='bbox 753 2786 827 2842; x_wconf 89' lang='lat' dir='ltr'>iubet</span> <span class='ocrx_word' id='word_1_280' title='bbox 851 2804 881 2843; x_wconf 90' lang='lat' dir='ltr'>ea</span> <span class='ocrx_word' id='word_1_281' title='bbox 900 2796 1010 2860; x_wconf 88' lang='lat' dir='ltr'>praetor</span> <span class='ocrx_word' id='word_1_282' title='bbox 1030 2804 1079 2860; x_wconf 89' lang='lat' dir='ltr'>per</span> <span class='ocrx_word' id='word_1_283' title='bbox 1100 2787 1158 2842; x_wconf 91' lang='lat' dir='ltr'>dies</span> 
     </span>
    </p>
   </div>
   <div class='ocr_carea' id='block_1_3' title="bbox 195 2919 397 2928">
    <p class='ocr_par' dir='ltr' id='par_1_10' title="bbox 195 2919 397 2928">
     <span class='ocr_line' id='line_1_32' title="bbox 195 2919 397 2928; baseline -0.005 0"><span class='ocrx_word' id='word_1_284' title='bbox 195 2919 397 2928; x_wconf 55' lang='grc' dir='ltr'>Μ·-</span> 
     </span>
    </p>
   </div>
   <div class='ocr_carea' id='block_1_4' title="bbox 191 3000 1158 3540">
    <p class='ocr_par' dir='ltr' id='par_1_11' title="bbox 214 3000 1087 3069">
     <span class='ocr_line' id='line_1_33' title="bbox 214 3000 1087 3069; baseline -0.002 -17"><span class='ocrx_word' id='word_1_285' title='bbox 214 3005 275 3056; x_wconf 75' lang='lat' dir='ltr'>.a4.</span> <span class='ocrx_word' id='word_1_286' title='bbox 295 3003 334 3063; x_wconf 80' lang='lat' dir='ltr'>Cf.</span> <span class='ocrx_word' id='word_1_287' title='bbox 350 3011 371 3057; x_wconf 88' lang='lat' dir='ltr'>t,</span> <span class='ocrx_word' id='word_1_288' title='bbox 391 3011 415 3052; x_wconf 82' lang='lat' dir='ltr'>aa</span> <span class='ocrx_word' id='word_1_289' title='bbox 426 3019 479 3067; x_wconf 82' lang='lat' dir='ltr'>seq.</span> <span class='ocrx_word' id='word_1_290' title='bbox 561 3000 587 3069; x_wconf 82' lang='lat'>§.</span> <span class='ocrx_word' id='word_1_291' title='bbox 601 3005 642 3056; x_wconf 77' lang='lat'>75.</span> <span class='ocrx_word' id='word_1_292' title='bbox 663 3003 702 3067; x_wconf 80' lang='lat' dir='ltr'>Of.</span> <span class='ocrx_word' id='word_1_293' title='bbox 717 3013 740 3060; x_wconf 89' lang='lat'>1,</span> <span class='ocrx_word' id='word_1_294' title='bbox 758 3013 790 3052; x_wconf 79' lang='lat' dir='ltr'>as.</span> <span class='ocrx_word' id='word_1_295' title='bbox 808 3013 842 3054; x_wconf 79' lang='lat' dir='ltr'>ao.</span> <span class='ocrx_word' id='word_1_296' title='bbox 871 3002 929 3067; x_wconf 79' lang='lat' dir='ltr'>Utp.</span> <span class='ocrx_word' id='word_1_297' title='bbox 947 3011 984 3058; x_wconf 77' lang='lat' dir='ltr'>no,</span> <span class='ocrx_word' id='word_1_298' title='bbox 1004 3010 1035 3050; x_wconf 81' lang='lat' dir='ltr'>rr.</span> <span class='ocrx_word' id='word_1_299' title='bbox 1054 3010 1087 3050; x_wconf 80' lang='lat'>15.</span> 
     </span>
    </p>

    <p class='ocr_par' dir='ltr' id='par_1_12' title="bbox 191 3069 1158 3540">
     <span class='ocr_line' id='line_1_34' title="bbox 214 3069 1157 3135; baseline -0.002 -16"><span class='ocrx_word' id='word_1_300' title='bbox 214 3108 218 3119; x_wconf 85' lang='lat'>.</span> <span class='ocrx_word' id='word_1_301' title='bbox 233 3073 274 3120; x_wconf 91' lang='grc'>77.</span> <span class='ocrx_word' id='word_1_302' title='bbox 294 3070 333 3131; x_wconf 84' lang='lat' dir='ltr'>Cf.</span> <span class='ocrx_word' id='word_1_303' title='bbox 347 3079 367 3131; x_wconf 77' lang='lat'>2,</span> <span class='ocrx_word' id='word_1_304' title='bbox 380 3079 413 3119; x_wconf 69' lang='lat'>98.</span> <span class='ocrx_word' id='word_1_305' title='bbox 428 3088 472 3135; x_wconf 82' lang='lat' dir='ltr'>pr.</span> <span class='ocrx_word' id='word_1_306' title='bbox 486 3071 511 3122; x_wconf 87' lang='lat' dir='ltr'>I.</span> <span class='ocrx_word' id='word_1_307' title='bbox 526 3071 710 3120; x_wconf 65' lang='lat' dir='ltr'>desiccandi.</span> <span class='ocrx_word' id='word_1_308' title='bbox 726 3069 755 3133; x_wconf 84' lang='grc'>(3,</span> <span class='ocrx_word' id='word_1_309' title='bbox 771 3070 815 3134; x_wconf 80' lang='lat'>12).</span> <span class='ocrx_word' id='word_1_310' title='bbox 833 3071 873 3120; x_wconf 86' lang='lat' dir='ltr'>De</span> <span class='ocrx_word' id='word_1_311' title='bbox 883 3071 1003 3135; x_wconf 84' lang='lat' dir='ltr'>privatim</span> <span class='ocrx_word' id='word_1_312' title='bbox 1012 3069 1087 3132; x_wconf 79' lang='lat' dir='ltr'>facta</span> <span class='ocrx_word' id='word_1_313' title='bbox 1098 3084 1157 3118; x_wconf 84' lang='lat' dir='ltr'>ven-</span> 
     </span>
     <span class='ocr_line' id='line_1_35' title="bbox 194 3132 1156 3202; baseline -0.001 -14"><span class='ocrx_word' id='word_1_314' title='bbox 194 3141 289 3189; x_wconf 84' lang='lat' dir='ltr'>ditione</span> <span class='ocrx_word' id='word_1_315' title='bbox 306 3139 424 3192; x_wconf 71' lang='lat' dir='ltr'>bonorem</span> <span class='ocrx_word' id='word_1_316' title='bbox 441 3139 474 3192; x_wconf 83' lang='lat' dir='ltr'>L.</span> <span class='ocrx_word' id='word_1_317' title='bbox 488 3148 520 3190; x_wconf 82' lang='grc'>67.</span> <span class='ocrx_word' id='word_1_318' title='bbox 538 3137 564 3202; x_wconf 69' lang='lat' dir='ltr'>S.</span> <span class='ocrx_word' id='word_1_319' title='bbox 578 3148 598 3190; x_wconf 83' lang='lat'>2.</span> <span class='ocrx_word' id='word_1_320' title='bbox 617 3140 650 3188; x_wconf 89' lang='lat' dir='ltr'>D.</span> <span class='ocrx_word' id='word_1_321' title='bbox 668 3141 699 3188; x_wconf 88' lang='lat' dir='ltr'>de</span> <span class='ocrx_word' id='word_1_322' title='bbox 717 3141 791 3192; x_wconf 85' lang='lat' dir='ltr'>cond.</span> <span class='ocrx_word' id='word_1_323' title='bbox 810 3139 892 3188; x_wconf 84' lang='lat' dir='ltr'>indeb.</span> <span class='ocrx_word' id='word_1_324' title='bbox 907 3135 954 3200; x_wconf 76' lang='grc'>(12,</span> <span class='ocrx_word' id='word_1_325' title='bbox 968 3135 1001 3201; x_wconf 81' lang='lat' dir='ltr'>o).</span> <span class='ocrx_word' id='word_1_326' title='bbox 1068 3132 1101 3202; x_wconf 60' lang='grc' dir='ltr'>ᾖ.</span> <span class='ocrx_word' id='word_1_327' title='bbox 1116 3137 1156 3188; x_wconf 87' lang='grc'>78.</span> 
     </span>
     <span class='ocr_line' id='line_1_36' title="bbox 193 3204 1158 3272; baseline -0.005 -16"><span class='ocrx_word' id='word_1_328' title='bbox 193 3209 232 3272; x_wconf 91' lang='lat' dir='ltr'>qui</span> <span class='ocrx_word' id='word_1_329' title='bbox 245 3207 321 3258; x_wconf 79' lang='lat' dir='ltr'>fraud.</span> <span class='ocrx_word' id='word_1_330' title='bbox 335 3222 358 3257; x_wconf 90' lang='lat' dir='ltr'>c.</span> <span class='ocrx_word' id='word_1_331' title='bbox 371 3204 425 3270; x_wconf 78' lang='lat' dir='ltr'>lat]</span> <span class='ocrx_word' id='word_1_332' title='bbox 443 3208 477 3269; x_wconf 80' lang='lat' dir='ltr'>cf.</span> <span class='ocrx_word' id='word_1_333' title='bbox 493 3206 544 3256; x_wconf 82' lang='lat' dir='ltr'>Cic.</span> <span class='ocrx_word' id='word_1_334' title='bbox 559 3222 610 3269; x_wconf 86' lang='lat' dir='ltr'>pro</span> <span class='ocrx_word' id='word_1_335' title='bbox 624 3205 707 3266; x_wconf 82' lang='lat' dir='ltr'>Quint.</span> <span class='ocrx_word' id='word_1_336' title='bbox 722 3215 753 3257; x_wconf 80' lang='lat' dir='ltr'>lit.</span> <span class='ocrx_word' id='word_1_337' title='bbox 767 3215 800 3255; x_wconf 81' lang='lat'>23.</span> <span class='ocrx_word' id='word_1_338' title='bbox 820 3208 852 3258; x_wconf 67' lang='lat'>1..</span> <span class='ocrx_word' id='word_1_339' title='bbox 867 3216 887 3254; x_wconf 79' lang='lat' dir='ltr'>i.</span> <span class='ocrx_word' id='word_1_340' title='bbox 906 3205 933 3268; x_wconf 70' lang='lat' dir='ltr'>S.</span> <span class='ocrx_word' id='word_1_341' title='bbox 948 3216 968 3255; x_wconf 90' lang='lat'>1.</span> <span class='ocrx_word' id='word_1_342' title='bbox 987 3206 1020 3257; x_wconf 89' lang='lat' dir='ltr'>D.</span> <span class='ocrx_word' id='word_1_343' title='bbox 1035 3205 1101 3268; x_wconf 83' lang='lat' dir='ltr'>qaid.</span> <span class='ocrx_word' id='word_1_344' title='bbox 1122 3219 1158 3252; x_wconf 67' lang='lat' dir='ltr'>ecc</span> 
     </span>
     <span class='ocr_line' id='line_1_37' title="bbox 192 3271 1155 3405; baseline -0.005 -15"><span class='ocrx_word' id='word_1_345' title='bbox 192 3273 394 3392; x_wconf 65' lang='lat' dir='ltr'>timida</span> <span class='ocrx_word' id='word_1_346' title='bbox 408 3273 440 3389; x_wconf 77' lang='lat' dir='ltr'>t·</span> <span class='ocrx_word' id='word_1_347' title='bbox 461 3275 893 3405; x_wconf 65' lang='lat' dir='ltr'>i¹rl⁰¹⁵d³.i²‘il⁸a‘²&#39;t“i.iii‘i·</span> <span class='ocrx_word' id='word_1_348' title='bbox 913 3274 954 3403; x_wconf 68' lang='lat' dir='ltr'>ll·</span> <span class='ocrx_word' id='word_1_349' title='bbox 968 3271 1155 3395; x_wconf 59' lang='lat' dir='ltr'>dotted.</span> 
     </span>
     <span class='ocr_line' id='line_1_38' title="bbox 205 3376 956 3400; baseline -0.004 0"><span class='ocrx_word' id='word_1_350' title='bbox 205 3381 211 3400; x_wconf 72' lang='lat' dir='ltr'>s</span> <span class='ocrx_word' id='word_1_351' title='bbox 251 3380 257 3392; x_wconf 90' lang='lat'><strong>·</strong></span> <span class='ocrx_word' id='word_1_352' title='bbox 319 3380 324 3390; x_wconf 90' lang='lat'><em>·</em></span> <span class='ocrx_word' id='word_1_353' title='bbox 362 3376 400 3399; x_wconf 62' lang='grc' dir='ltr'>ιν</span> <span class='ocrx_word' id='word_1_354' title='bbox 441 3381 447 3392; x_wconf 91' lang='lat'><em>·</em></span> <span class='ocrx_word' id='word_1_355' title='bbox 495 3377 500 3390; x_wconf 85' lang='grc'><strong><em>·</em></strong></span> <span class='ocrx_word' id='word_1_356' title='bbox 540 3376 546 3388; x_wconf 83' lang='lat'><strong>·</strong></span> <span class='ocrx_word' id='word_1_357' title='bbox 582 3379 589 3392; x_wconf 75' lang='grc' dir='ltr'><strong>ο</strong></span> <span class='ocrx_word' id='word_1_358' title='bbox 709 3379 716 3392; x_wconf 88' lang='lat'><strong>·</strong></span> <span class='ocrx_word' id='word_1_359' title='bbox 744 3380 751 3393; x_wconf 88' lang='lat'><strong>·</strong></span> <span class='ocrx_word' id='word_1_360' title='bbox 845 3377 850 3389; x_wconf 92' lang='lat'><em>·</em></span> <span class='ocrx_word' id='word_1_361' title='bbox 950 3376 956 3388; x_wconf 92' lang='lat'><strong>·</strong></span> 
     </span>
     <span class='ocr_line' id='line_1_39' title="bbox 192 3378 1156 3472; baseline -0.004 -15"><span class='ocrx_word' id='word_1_362' title='bbox 192 3411 226 3471; x_wconf 79' lang='lat' dir='ltr'>ef.</span> <span class='ocrx_word' id='word_1_363' title='bbox 241 3410 303 3459; x_wconf 84' lang='lat' dir='ltr'>Geli.</span> <span class='ocrx_word' id='word_1_364' title='bbox 317 3419 353 3465; x_wconf 81' lang='lat'>20,</span> <span class='ocrx_word' id='word_1_365' title='bbox 368 3417 388 3458; x_wconf 90' lang='lat'>1.</span> <span class='ocrx_word' id='word_1_366' title='bbox 406 3417 486 3464; x_wconf 81' lang='lat'>15,1³.</span> <span class='ocrx_word' id='word_1_367' title='bbox 517 3409 594 3457; x_wconf 87' lang='lat' dir='ltr'>edicto</span> <span class='ocrx_word' id='word_1_368' title='bbox 606 3411 653 3471; x_wconf 75' lang='lat' dir='ltr'>pn]</span> <span class='ocrx_word' id='word_1_369' title='bbox 668 3415 733 3472; x_wconf 83' lang='lat' dir='ltr'>puto</span> <span class='ocrx_word' id='word_1_370' title='bbox 750 3409 776 3456; x_wconf 86' lang='lat' dir='ltr'>in</span> <span class='ocrx_word' id='word_1_371' title='bbox 788 3378 1013 3471; x_wconf 61' lang='lat' dir='ltr'>iudiciie’imperio</span> <span class='ocrx_word' id='word_1_372' title='bbox 1026 3407 1156 3456; x_wconf 83' lang='lat' dir='ltr'>continen-</span> 
     </span>
     <span class='ocr_line' id='line_1_40' title="bbox 191 3471 1154 3540; baseline -0.005 -14"><span class='ocrx_word' id='word_1_373' title='bbox 191 3477 265 3526; x_wconf 75' lang='lat' dir='ltr'>tibus.</span> <span class='ocrx_word' id='word_1_374' title='bbox 289 3476 421 3540; x_wconf 56' lang='lat' dir='ltr'>Onalos,</span> <span class='ocrx_word' id='word_1_375' title='bbox 453 3477 692 3538; x_wconf 69' lang='lat' dir='ltr'>mortuorumJefic,</span> <span class='ocrx_word' id='word_1_376' title='bbox 709 3484 872 3528; x_wconf 69' lang='lat' dir='ltr'>iaanenu.</span> <span class='ocrx_word' id='word_1_377' title='bbox 942 3471 1024 3540; x_wconf 69' lang='lat' dir='ltr'>§.itt</span> <span class='ocrx_word' id='word_1_378' title='bbox 1045 3473 1086 3536; x_wconf 82' lang='lat' dir='ltr'>Os.</span> <span class='ocrx_word' id='word_1_379' title='bbox 1101 3472 1154 3522; x_wconf 80' lang='lat' dir='ltr'>Cic.</span> 
     </span>
    </p>
   </div>
   <div class='ocr_carea' id='block_1_5' title="bbox 0 0 1322 3960">
    <p class='ocr_par' dir='ltr' id='par_1_13' title="bbox 0 0 1322 3960">
     <span class='ocr_line' id='line_1_41' title="bbox 0 0 1322 3960; baseline 0 3"><span class='ocrx_word' id='word_1_380' title='bbox 0 0 1322 3960; x_wconf 95' lang='lat' dir='ltr'> </span> 
     </span>
    </p>
   </div>
  </div>
 </body>
</html>
