2648 3974
18 2 95 365 {
441 201 502 236 carr
522 201 626 238 merra.
646 187 682 236 n'.
703 189 759 238 53³.
780 187 820 237 54.
1012 222 1016 225 -
1069 188 1119 236 283

18 383 20 420 3
144 343 297 406 metentur,
313 359 358 401 arr
373 343 444 398 milia
460 347 580 417 petierit,
599 351 649 399 out
665 347 690 399 st
703 348 736 412 is,
755 348 838 399 cutus
851 351 855 404 Ι
868 359 900 398 ex
915 351 991 416 parte
1007 359 1050 398 res
1067 352 1117 405 est,

18 453 19 458 ¹
148 435 238 486 totam
255 443 316 484 rem
331 431 380 484 oet
392 433 502 485 maiore
517 445 557 484 ea
570 434 770 500 portatorium
786 421 848 484 esse
864 429 1028 484 intenderit.
1052 433 1119 483 tem-

142 530 231 586 pore,
250 515 329 570 uelut
340 515 440 586 siquis
451 518 519 568 cente
530 515 603 568 diem
616 521 620 575 t
633 515 680 570 uel
691 515 886 570 condicionem
894 515 1019 584 petierit.
1045 515 1117 574 loco,

152 601 234 654 uelut
253 601 279 654 si
298 599 340 667 aa,
363 599 440 670 qood
460 604 540 654 certo
559 601 623 655 loco
643 599 698 654 sibi
712 605 717 658 t
732 597 788 653 dari
804 599 967 670 promissum
983 603 1039 667 est,
1062 601 1118 653 clio

151 686 216 739 loco
232 687 294 739 sine
310 686 580 744 commemoratione
596 687 654 740 eius
671 682 722 737 loci
737 686 858 756 petierit,
878 683 961 739 uerbi
973 686 1079 755 pratia,
1097 683 1120 735 si

152 769 184 829 is,
198 772 249 840 qui
260 769 415 838 stipulatus
429 774 486 823 est:
497 783 619 825 mmmm
628 775 754 829 armasti
766 783 850 824 nans
863 767 1021 824 sacrans?
1036 782 1119 822 nunc

154 867 311 914 secanae,
333 853 435 907 deinde
450 853 562 924 Ephesi
581 856 722 908 mentione
739 856 742 918 Ι
760 851 902 915 detracta,
926 849 1032 908 Romae
1042 868 1120 924 pure

153 940 195 991 sic
211 938 378 992 intenderit:
401 951 431 994 m
448 951 829 994 alarcurruuuermuu
840 952 981 994 auarum
994 953 1121 994 ararum
1153 955 1167 994 a
1205 984 1210 995 .

152 1036 178 1077 Χ
194 1036 286 1078 aarum
307 1028 311 1081 t
331 1035 414 1078 naar
436 1037 610 1084 creterram
637 1025 702 1094 ptos
722 1023 794 1077 enim
810 1029 914 1093 petere
933 1024 1117 1095 intellepitur,

152 1108 221 1178 quio
245 1109 249 1171 t
270 1121 345 1178 pura
366 1110 519 1162 intentione
540 1110 705 1178 promissori
724 1109 875 1162 utilitatem
897 1108 1006 1177 adimit,
1035 1123 1119 1179 quum

153 1191 295 1259 haberat,
325 1193 350 1245 si
368 1191 479 1262 Ephesi
500 1194 635 1246 solueret.
680 1189 783 1263 Ephesi
808 1197 902 1246 tomen
924 1197 1004 1246 recte
1024 1198 1121 1261 potest

154 1278 240 1330 etiam
252 1289 328 1344 pure
345 1267 349 1350 l
366 1283 473 1347 petere,
491 1274 531 1329 ’id
548 1268 621 1330 est⁹¹
642 1293 697 1330 non
713 1274 817 1330 adiecto
833 1275 903 1330 loco.
948 1270 1012 1330 63².
1037 1274 1121 1328 Causa
1131 1278 1188 1324 207.

153 1359 215 1432 plus
238 1360 355 1430 petitur,
380 1359 455 1414 uelut
476 1360 499 1414 si
521 1361 581 1432 quis
597 1361 623 1414 in
639 1352 790 1416 intentione
805 1359 883 1414 tollat
899 1359 1059 1414 electionem
1076 1358 1121 1412 do·

153 1443 263 1504 hitoris,
281 1459 360 1516 quam
376 1445 398 1499 is
415 1443 495 1498 habet
510 1442 683 1517 obligationis
700 1447 773 1506 inre,
796 1443 872 1499 uelut
892 1445 914 1498 si
936 1445 996 1518 quis
1017 1445 1054 1498 ita
1075 1445 1122 1498 sti·

153 1527 263 1600 palatus
285 1529 335 1582 sit:
363 1543 562 1585 ensrmnmvu
581 1547 601 1584 x
622 1545 713 1584 urum
734 1545 795 1587 avr
816 1544 962 1586 aomruau
984 1543 1121 1586 erronvu

153 1627 239 1668 nana
265 1613 422 1669 secanae?
448 1611 545 1668 deinde
571 1613 730 1668 alterutrum
759 1607 881 1669 ’solum²
908 1630 939 1668 ex
966 1614 1008 1669 his
1033 1621 1120 1686 petat;

152 1713 215 1750 nam
231 1699 353 1768 quamuis
368 1705 456 1770 petat,
479 1697 656 1772 quodminus
679 1705 733 1760 est,
755 1699 818 1771 plns
835 1706 922 1754 tamen
938 1707 1031 1771 petere
1047 1697 1122 1752 uide·

154 1789 212 1843 tur,
242 1782 304 1853 quia
330 1789 422 1854 potest
448 1781 617 1838 aduersarius
643 1782 779 1838 interdum
800 1783 903 1838 facilius
925 1782 952 1837 id
975 1791 1120 1855 praestare,

154 1864 228 1938 quod
243 1881 299 1920 non
315 1868 425 1938 petitur.
448 1866 574 1922 similiter
588 1869 612 1922 si
628 1869 687 1940 quis
704 1883 790 1940 genus
806 1868 951 1940 stipulatus
967 1868 1011 1932 sit,
1025 1865 1122 1920 deinde

147 1951 272 2022 ⁴speciem
292 1957 381 2022 petat,
404 1951 481 2006 uelut
502 1952 524 2005 si
545 1953 605 2024 quis
626 1968 783 2024 purpuram
799 1952 943 2024 stipulatus
960 1952 994 2004 sit
1010 1966 1123 2022 genera·

154 2033 231 2096 liter,
255 2033 352 2089 deinde
374 2035 479 2108 Tyriam
501 2035 655 2107 specialiter
675 2044 762 2108 petat;
785 2037 850 2108 quin
872 2036 950 2090 etiam
967 2034 1033 2090 licet
1049 2034 1122 2088 uilis·

153 2119 248 2172 simam
274 2125 363 2192 petat,
394 2119 464 2174 idem
491 2120 556 2175 iuris
582 2128 624 2175 est
650 2129 764 2194 propter
787 2135 843 2174 eam
871 2120 1015 2179 rationem,
1043 2134 1122 2190 quam

153 2203 276 2276 proxime
291 2202 414 2259 diximus.
454 2203 524 2259 idem
539 2205 605 2259 iuris
621 2213 677 2265 est,
693 2207 716 2259 si
732 2206 791 2277 quis
808 2203 972 2277 generaliter
986 2203 1122 2256 hominem

154 2286 301 2359 stipulatus¹
316 2289 360 2349 sit,
377 2287 474 2344 deinde
490 2290 647 2344 nominatim
663 2289 780 2361 aliquem
795 2294 884 2361 petat,
900 2287 976 2342 uelut
992 2285 1121 2348 Stichum,

90 2384 93 2392 ’
148 2373 278 2444 ¹quamuis
299 2372 467 2428 uilissimum.
506 2375 596 2447 itaque
615 2375 685 2431 sicut
700 2375 755 2446 ipsa
771 2373 911 2446 stipulatio
926 2381 1058 2444 concepta
1072 2379 1122 2430 est.

154 2458 191 2510 ita
212 2463 240 2510 et
260 2457 376 2512 intentio
398 2457 529 2530 formulae
550 2459 656 2531 concipi
672 2457 761 2513 dehet.
806 2454 855 2513 54.
879 2455 948 2512 Illud
963 2458 1028 2511 satis
1044 2472 1124 2528 appa·

155 2547 210 2602 ret,
233 2542 260 2594 in
276 2541 385 2597 incertis
402 2542 523 2598 formulis
539 2543 601 2615 plus
616 2545 673 2616 peti
689 2559 743 2598 non
759 2558 852 2615 posse,
876 2543 952 2616 quia,
975 2557 1035 2595 cum
1052 2548 1124 2594 certa

149 2626 291 2697 vquantitas
313 2642 368 2680 non
388 2634 509 2700 petatur,
538 2627 586 2682 sed
608 2626 738 2700 quidquid
760 2626 942 2682 aduersarium
957 2625 1020 2680 dare
1037 2625 1124 2680 lacero

157 2872 218 2908 rore
232 2861 370 2908 alterarum
383 2859 477 2910 Sc'lred.
490 2858 534 2911 Bi.
554 2875 613 2924 quae
626 2861 688 2908 enim
701 2861 741 2910 ed.
755 2859 805 2922 Bp.
819 2867 840 2910 5.
875 2855 909 2922 91)
923 2857 969 2906 Ex
980 2857 1074 2907 Hollw.
1088 2858 1123 2918 ej.

156 2926 253 2972 ‘etium'
266 2927 325 2978 edd.
343 2926 369 2976 id
383 2935 418 2977 est
430 2928 470 2980 ed.
483 2927 534 2991 Bp.
547 2939 567 2977 s.
614 2925 635 2989 ²)
649 2932 696 2976 eor·
711 2926 802 2976 Scled.
824 2926 882 2974 edd.
896 2927 1012 2976 onrittunt
1026 2925 1124 2982 [Admi-

157 2993 192 3038 oit
203 2993 242 3040 ed.
257 2991 307 3056 Bp.
320 2997 353 3052 t].
383 2994 438 3044 Sed
448 2997 536 3044 careri
553 3011 602 3045 nou
619 3001 705 3058 potest
716 3012 739 3044 υ.
753 2996 871 3050 ‘rotum’,
890 2995 949 3057 quia
962 2995 1125 3042 ‘alterutrum

152 3073 194 3106 ea:
210 3058 263 3107 ltia'
279 3063 343 3123 petit
358 3065 432 3112 etiam
450 3067 494 3127 qui
510 3064 620 3112 ‘nmilia
637 3070 681 3111 aut
698 3061 825 3111 Stichum’
843 3063 917 3125 petit.
938 3059 1020 3109 lust:
1039 3062 1126 3109 ‘ueluti

164 3201 362 3211 ——..—

157 3282 233 3346 §.aa
252 3282 342 3334 Senee.
358 3299 398 3346 ep.
411 3291 444 3332 ts.
459 3281 487 3347 S.
501 3292 533 3334 10.
559 3282 843 3345 Fest.o.Litiap.1to.
914 3275 940 3345 ξ
954 3280 995 3328 54.
1016 3277 1056 3340 Cf.
1070 3277 1124 3326 Cio.

148 3366 204 3416 pro
217 3351 293 3404 lloac.
305 3356 321 3405 l.
334 3368 356 3404 c.
388 3350 461 3402 Paul.
474 3349 501 3399 S.
515 3351 545 3400 li.
560 3359 579 3409 a,
593 3359 612 3398 8.
628 3348 655 3413 S.
669 3359 690 3401 2.
721 3350 752 3400 L.
768 3357 801 3397 76.
820 3346 879 3411 85¹.
900 3347 932 3394 l).
953 3348 984 3394 de
1001 3348 1042 3394 rei
1057 3346 1125 3396 vind.

157 3419 188 3479 (t,
202 3418 234 3481 1).
257 3421 290 3471 L.
306 3429 324 3470 1.
345 3418 372 3483 S.
388 3429 407 3468 5.
426 3419 459 3467 Il.
472 3421 496 3469 st
504 3433 569 3483 pars
586 3419 641 3469 lter.
656 3417 690 3479 (5,
705 3415 737 3479 4),
763 3417 795 3466 L.
809 3424 828 3464 8.
850 3415 877 3478 S.
893 3424 911 3465 1.
929 3415 963 3465 D.
977 3427 1061 3464 eornm.
1077 3413 1126 3460 dio.

150 3487 200 3548 (10,
214 3486 249 3551 ³).
268 3488 302 3541 L.
316 3497 326 3536 t
337 3503 381 3551 pr.
394 3486 427 3534 Il.
442 3488 474 3537 de
486 3489 608 3550 interroga.
624 3483 667 3548 (11,
682 3483 714 3549 1).
