2634 3960
234 177 283 226 616
431 188 544 222 courum
563 188 679 224 rusum
699 165 801 222 uranu.
822 175 898 224 xxvi.
918 175 991 225 2-7.
1053 205 1055 210 .
1179 3 1307 273 Ἳ

234 334 348 388 uerbis.-
364 325 415 386 ‘si
435 335 560 402 opnotns
575 345 629 384 nee
645 333 731 398 escit,
758 331 879 401 pectides
891 329 1035 399 familiam
1050 329 1204 385 hebetato?

236 417 320 471 Nunc
336 431 390 470 nee
401 415 522 486 pectides
536 429 590 469 nec
604 416 750 486 pontilicio
766 417 833 468 tora
847 416 877 467 in
893 427 948 468 oso
964 411 1050 484 sont).

299 493 326 554 2.
351 491 427 552 ⁴⁴³Si
449 497 584 552 'defuncti
604 490 658 553 sit⁴
679 495 763 557 iilius,
792 490 872 568 '(ct)⁵
894 513 926 551 ex
948 495 1034 552 altero
1056 495 1111 552 filio
1133 497 1203 552 'iam

236 576 364 639 mortuo⁶
385 599 469 654 nepos
489 597 566 649 ,unus
596 580 641 636 uel
667 583 745 636 etiam
766 582 872 654 piures,
895 580 927 635 ad
951 597 1043 636 omnes
1065 580 1203 636 hereditas

236 668 368 740 pertinet,
386 661 440 720 non
455 673 486 720 ut
501 667 529 720 iu
544 666 629 738 capita
645 664 795 726 diuidatur,
812 663 903 719 sedin
919 665 1033 737 stirpes,
1050 663 1077 719 id
1098 674 1153 726 est,
1171 673 1203 720 ut

237 749 308 806 iilius
323 751 400 804 solus
416 749 529 804 mediam
544 757 648 822 partem
663 748 759 804 habeat
781 757 808 804 et
823 756 952 821 nepotes,
975 756 1112 822 quotquot
1127 757 1203 811 sunt,

237 834 347 890 alteram
374 832 521 889 dimidiam:
550 849 669 906 aequum
695 841 736 888 est
760 833 845 893 enim,
868 842 983 905 nepotes
1005 834 1032 888 iu
1053 833 1137 905 patris
1159 835 1204 889 sni
1306 851 1307 854 ¹

236 919 327 974 locum
343 916 488 972 succedere
503 925 530 972 et
545 933 603 972 eam
618 925 722 990 partem
736 916 848 978 habere,
866 933 945 988 quam
960 924 1039 990 pater
1053 933 1161 979 eorum,
1179 920 1204 974 si
1305 915 1307 930 ¹

239 1003 354 1062 uiueret,
371 1001 510 1055 habiturus
526 1009 607 1056 esset.

299 1082 328 1142 3.
352 1079 504 1152 ⁷Quamdiu
524 1101 590 1140 suus
605 1086 683 1140 heres
699 1092 824 1157 speratur
845 1085 923 1139 heres
939 1083 997 1140 fieri
1017 1101 1113 1157 posse,
1135 1093 1205 1139 tam·
1292 1119 1295 1128 ·

238 1169 284 1224 diu
299 1168 375 1224 locus
397 1171 502 1242 agnatis
518 1185 574 1224 non
595 1176 650 1232 est,
673 1169 749 1224 uelut
770 1170 794 1224 si
814 1185 883 1224 uxor
903 1168 1024 1224 defuncti
1044 1185 1202 1242 praegnans

238 1255 283 1316 sit,
300 1261 346 1308 ant
361 1251 431 1307 iilius
448 1255 520 1325 apud
535 1253 627 1308 hostes
644 1254 688 1308 sit.

301 1334 329 1393 4.
354 1330 543 1409 8dgnatorum
564 1337 727 1392 hereditates
743 1336 902 1392 diuiduntur
922 1338 950 1391 in
964 1339 1065 1412 capita:
1088 1337 1164 1392 uelut
1179 1339 1204 1393 si

135 1423 275 1480 coibnsit
291 1420 388 1476 fratris
403 1419 474 1473 iilius
496 1427 522 1474 et
539 1420 648 1476 alterins
666 1420 756 1474 fratris
773 1420 827 1476 duo
848 1421 976 1493 pluresue
994 1416 1105 1497 iliberi,
1123 1429 1204 1494 qnot-

239 1512 307 1578 quot
323 1512 387 1559 sunt
403 1502 434 1557 ab
456 1512 570 1576 utraque
586 1510 663 1576 parte
684 1521 830 1576 personae,
853 1513 895 1561 tot
912 1503 979 1559 fiunt
995 1507 1151 1578 portiones,
1173 1513 1204 1560 ut

239 1587 340 1661 singuli
355 1586 475 1660 singulas
491 1589 606 1659 capiant.
650 1585 679 1643 5.
703 1580 752 1643 ⁹Si
767 1588 859 1660 piures
875 1589 970 1644 eodem
985 1589 1071 1662 gradu
1087 1581 1207 1651 ἐἰιιι45ο

239 1674 338 1745 agnati,
355 1679 384 1726 et
399 1669 504 1744 quidam
521 1687 615 1726 eorum
630 1671 807 1728 hereditatem
823 1672 855 1727 ad
867 1689 896 1728 se
908 1675 1045 1748 pertinere
1057 1673 1204 1735 noluerint,

240 1756 283 1811 uel
300 1763 442 1828 antequam
458 1755 587 1818 adierint,
602 1755 781 1819 decesserint,
798 1773 893 1812 eorum
913 1775 975 1830 pars
999 1757 1129 1812 adcrescit
1150 1758 1203 1822 his,

241 1841 287 1914 qui
313 1839 438 1901 adierint;
465 1838 538 1912 quod
564 1841 689 1896 sinemo
712 1856 805 1896 eorum
827 1841 936 1904 adierit,
964 1841 996 1896 ad
1016 1842 1205 1913 insequentem

241 1923 353 1998 gradum
370 1940 402 1978 on
418 1924 479 1997 lege
495 1924 628 1980 hereditas
645 1941 700 1994 non
717 1926 922 1988 transmittitur,
939 1927 1066 1999 quoniam
1086 1926 1115 1980 in
1136 1925 1205 2000 lepi-

240 2009 312 2063 timis
328 2007 521 2063 hereditatibus
537 2009 675 2064 successio
697 2025 752 2064 non
774 2017 825 2064 est.
871 2004 899 2065 6.
927 2003 984 2064 ¹Ad
1005 2010 1117 2065 seminas
1133 2009 1205 2066 nitra

240 2093 505 2165 consanguineorum
531 2092 646 2165 gradum
671 2092 793 2166 legitima
823 2093 958 2148 hereditas
987 2110 1043 2149 non
1072 2095 1203 2166 pertinet;

240 2178 332 2248 itaque
353 2193 433 2231 soror
453 2175 529 2230 fratri
551 2178 675 2232 sororiue
696 2176 816 2250 legitima
838 2177 915 2233 heres
937 2176 981 2241 fit,
999 2177 1112 2252 '(omita
1134 2195 1205 2234 cero

240 2263 287 2315 net
300 2260 410 2330 frenis
423 2262 486 2330 filio
502 2266 529 2315 et
544 2262 682 2332 deinceps
691 2265 815 2334 tepitima
830 2263 916 2317 heres
931 2281 988 2318 oon
1002 2256 1078 2333 Μ)
1107 2259 1133 2320 7.
1150 2255 1205 2316 ³Ad

241 2342 341 2399 liberos
368 2346 461 2412 matris
481 2344 627 2399 intestatae
654 2345 788 2400 hereditas
810 2346 882 2400 'sine
903 2347 931 2400 in
952 2363 1060 2401 menum
1086 2363 1206 2403 conuen-

240 2419 333 2483 tione⁴
350 2442 382 2480 en
400 2426 461 2498 iege
480 2425 622 2484 duodecim
639 2428 788 2484 tabularum
804 2445 858 2485 non
874 2428 1034 2502 pertinebat,
1053 2431 1115 2503 quia
1131 2431 1206 2486 femi·

241 2641 303 2702 apii.
356 2636 402 2701 ⁴¹³)
423 2641 462 2703 Of.
478 2640 533 2690 Gai.
546 2650 566 2699 3,
580 2651 599 2692 8.
622 2642 869 2707 oonat.1e,e.s.o.
922 2641 944 2706 ⁴)
963 2645 1087 2694 defunctus
1100 2648 1131 2695 sit
1147 2647 1206 2696 Vct.

241 2706 350 2756 defuncti
365 2723 427 2756 arnus
445 2709 476 2757 sir
493 2709 533 2757 ed.
547 2710 597 2772 Bp.
614 2710 648 2772 cs.
662 2708 690 2772 3.
704 2719 725 2762 4.
778 2709 799 2773 ⁵)
820 2711 927 2770 Addidi,
945 2715 1002 2762 coil.
1018 2711 1045 2775 3.
1058 2721 1079 2761 4.
1097 2721 1123 2762 et
1141 2723 1172 2771 27,
1187 2723 1207 2762 2.

243 2771 264 2835 ⁶)
284 2782 375 2824 mortuo
400 2775 448 2824 iam
465 2775 529 2823 Vct.
558 2783 649 2827 mortuo
667 2779 724 2826 item
747 2778 788 2827 ed.
808 2779 858 2843 Bp.
934 2777 954 2840 ⁷)
974 2779 1015 2843 Of.
1033 2781 1067 2829 L.
1086 2787 1119 2832 30.
1138 2779 1166 2842 8.
1186 2791 1207 2828 1.
1304 2825 1305 2830 ,

241 2841 276 2892 D.
295 2843 327 2890 de
351 2841 424 2906 depo.
449 2858 471 2890 o.
491 2857 537 2891 om.
556 2842 610 2896 her.
630 2842 678 2905 (29,
696 2844 729 2908 2).
760 2846 794 2894 L.
813 2855 833 2898 3.
856 2846 890 2898 D.
914 2848 938 2894 si
957 2862 1021 2910 pars
1043 2847 1096 2895 her.
1117 2845 1152 2909 (5,
1172 2847 1205 2910 4).

243 2906 264 2969 ⁸)
285 2909 325 2969 cf.
346 2909 402 2958 Gai.
422 2917 441 2969 3,
462 2916 494 2960 16.
522 2909 613 2960 Cottae.
634 2919 666 2970 re,
683 2920 704 2960 e.
724 2910 752 2974 ς.
766 2921 798 2962 re.
863 2912 884 2974 9)
903 2913 944 2976 Cf.
962 2915 1035 2962 Paol.
1053 2921 1073 2972 a,
1092 2922 1111 2963 o.
1132 2911 1159 2976 3.
1171 2923 1206 2963 eo.

244 2974 300 3023 Gai.
319 2984 343 3031 n,
363 2982 395 3025 12.
414 2984 447 3024 22.
524 2974 568 3041 ⁴⁶⁰)
587 2978 600 3028 ἓ
622 2977 682 3031 Vnt.
710 2981 731 3029 si
748 2987 803 3030 sunt
820 2981 860 3030 ed.
879 2980 930 3046 Bp.
1011 2978 1029 3043 1)
1050 2979 1090 3042 Of.
1111 2981 1168 3030 Gai.
1186 2990 1206 3040 3,

244 3049 276 3090 1⁴.
295 3049 328 3089 23.
360 3039 451 3091 Collat.
472 3051 503 3104 tt,
524 3053 544 3096 3.
563 3041 610 3108 88.
631 3054 662 3095 17.
681 3056 715 3099 20.
768 3045 788 3106 ²)
811 3047 884 3100 Haec
899 3049 958 3110 fere
975 3049 1006 3100 ob
1025 3037 1206 3112 dpococdiso-

240 3121 293 3156 τον
312 3109 448 3168 excidisse,
467 3111 524 3173 ipsa
541 3114 668 3162 sententia
686 3121 712 3164 et
730 3113 786 3164 Gai.
804 3123 825 3176 ³,
844 3123 876 3171 14.
896 3125 1043 3180 arpumento
1061 3124 1127 3166 runt.
1157 3117 1207 3181 Bp.

243 3173 266 3222 h.
287 3176 302 3224 l.
321 3190 365 3235 en,
385 3192 450 3241 quae
469 3192 515 3227 nos
533 3176 560 3241 S.
580 3187 615 3228 1¹.
634 3183 778 3240 retulimus,
793 3184 904 3245 periisse
925 3199 1017 3246 par-ram
1039 3185 1222 3234 verisimiliter'

241 3243 353 3291 coniicit.
411 3242 433 3307 ⁸)
454 3245 494 3306 Cf.
515 3247 553 3295 rit.
572 3246 597 3300 I.
617 3249 649 3296 de
667 3247 717 3299 80.
737 3247 836 3312 orplzc.
857 3247 887 3311 (³,
906 3249 938 3314 t).
997 3250 1019 3315 ⁴)
1038 3253 1114 3302 Haec
1130 3251 1207 3302 cerdo

241 3309 314 3369 infra
334 3308 379 3372 (cf.
398 3316 450 3360 not.
468 3311 527 3373 tto.)
546 3317 625 3364 minus
642 3323 703 3376 apte
719 3319 806 3379 posita
823 3316 864 3370 nic
882 3318 1024 3378 eaecidthse,
1045 3323 1132 3384 palam
1155 3326 1207 3377 est;

243 3391 300 3424 nom
318 3383 343 3425 et
361 3379 398 3426 sie
415 3380 510 3428 demum
527 3387 600 3430 recta
617 3382 729 3444 efficitur
744 3385 871 3432 sententia
889 3391 914 3433 et
932 3400 977 3434 eur
994 3387 1019 3438 h.
1032 3389 1049 3439 t.
1066 3393 1128 3450 post
1145 3385 1173 3450 8.
1185 3397 1207 3440 t.

240 3449 335 3504 apator
353 3445 385 3492 de
403 3445 561 3507 hereditate,
580 3463 646 3511 qnae
664 3465 681 3496 a
697 3449 785 3498 liberie
806 3451 843 3499 ad
858 3457 962 3500 matrem
984 3455 1025 3502 oet
1041 3469 1058 3502 a
1075 3461 1156 3504 matre
1173 3456 1209 3504 ad
