2634 3974
186 145 239 194 eoo
470 153 546 190 uum
565 150 669 188 rivum
689 151 770 187 seur.
788 137 815 186 V.
835 139 867 187 23

530 237 546 266 *α

188 383 255 440 atius
272 384 342 438 euim
360 383 459 443 uitem,
481 380 549 435 alius
564 379 695 454 pudorem
713 371 870 451 'pubiico¹¹
891 379 1011 434 facinore
1027 377 1158 436 defendit.

458 479 461 486 ’
531 459 575 540 [9.
600 463 705 519 Getieis
721 462 748 524 7,
765 456 810 538 2.]

252 548 301 609 10.
332 543 446 612 ²Iuder,
469 549 563 622 quiin
584 554 664 622 eaput
686 546 863 620 fortunasque
884 548 1002 604 hominis
1017 549 1160 622 pecuniam

189 637 303 709 accepit,
325 636 353 690 iu
368 633 482 690 insulam
497 633 575 689 bonis
591 631 721 705 ademptis
743 625 947 705 ’deportatur.³
1002 630 1043 690 11.
1068 625 1161 688 *Μετι-

188 720 297 776 datores
318 718 406 774 caedis
426 717 539 791 perinde
554 724 585 772 ut
599 715 747 772 homicidae
762 717 921 790 puniuntur.
978 713 1023 775 itt.
1047 711 1094 773 ⁶Si
1109 733 1161 790 pu·

189 810 263 860 tator
277 819 309 858 ex
325 800 420 858 arbore
436 818 496 858 cum
511 817 614 857 ramum
630 800 771 863 deiiceret,
798 817 853 857 non
876 801 1099 875 proclamauerit,
1113 809 1159 868 ,ut

185 890 336 958 trituretur,
363 894 444 960 atque
468 887 505 941 ita
528 886 693 959 praeteriens
716 885 913 941 eiusdemictu
934 886 1015 942 homo
1037 887 1159 960 perierit,

189 973 241 1030 etsi
262 974 289 1027 in
309 971 398 1045 legem
419 987 475 1028 non
488 971 615 1032 incurrit,
637 971 667 1024 in
680 968 818 1026 metallum
833 971 938 1026 'tamen
954 964 1062 1026 datur.⁶
1111 966 1159 1027 13.

190 1049 260 1126 ⁷Qui
288 1056 425 1112 hominem
451 1055 566 1110 inuitum
592 1052 709 1110 libidinis
729 1060 775 1110 aut
794 1056 940 1127 promereii
959 1071 1039 1112 eausa
1060 1063 1161 1111 cestra·

189 1143 262 1198 uerit
288 1139 495 1198 castrandumue
520 1140 669 1201 emanarit,
695 1139 755 1196 siue
779 1140 803 1194 is
829 1155 926 1195 seruus
947 1141 1006 1196 siue
1024 1138 1096 1196 iiber
1114 1140 1161 1203 sit,

190 1226 277 1300 capite
298 1226 423 1298 punitum
445 1225 617 1281 honestiores
637 1222 779 1296 publicatis
793 1221 873 1280 bonis
888 1225 916 1280 in
931 1225 1046 1280 insulam
1061 1223 1162 1298 depor-

190 1299 292 1366 tantur.
351 1305 397 1366 14.
427 1303 497 1374 ⁸Qui
518 1307 667 1365 abortionis
689 1315 736 1362 aut
757 1312 914 1365 amatorium
934 1309 1062 1382 poculum
1084 1308 1159 1372 dant,

146 1394 150 1398 ’
189 1397 242 1452 etsi
265 1394 292 1450 id
313 1393 377 1449 dolo
398 1409 453 1448 uon
475 1391 586 1454 inciam,
613 1398 702 1448 tamen
718 1389 808 1465 (quia)
824 1393 885 1449 maii
906 1393 1022 1466 exempli
1042 1409 1086 1449 res
1107 1400 1160 1456 est,

190 1478 352 1536 humiliores
373 1478 402 1532 iu
423 1475 574 1546 metallum,
600 1475 772 1533 honestiores
791 1479 827 1533 in
840 1477 953 1533 insulem
971 1473 1066 1533 amissa
1082 1485 1161 1551 parte

190 1563 325 1618 bonorum
341 1560 512 1634 relegantur;
534 1559 632 1633 quodsi
647 1577 680 1616 ex
695 1561 749 1617 hoo
764 1560 879 1618 'mulier
893 1570 939 1618 aut
954 1554 1056 1618 homo9
1071 1563 1160 1636 perie-

190 1648 241 1708 rit,
272 1660 378 1700 summo
410 1644 543 1717 supplicio
571 1641 735 1700 afficiuntur.
794 1643 838 1704 15.
868 1637 953 1714 ²⁰Qui
978 1663 1052 1702 sacra
1077 1646 1159 1718 impia

190 1737 373 1792 nocturnam.
390 1736 421 1784 ut
437 1745 517 1802 quem
534 1727 718 1791 obeantarent‚
735 1728 894 1804 defigerent.
910 1729 1069 1804 obligarent,
1084 1728 1158 1784 iece-

190 1816 246 1871 rint
266 1813 422 1870 iaciendaue
445 1815 614 1875 curauerint,
641 1822 687 1870 aut
711 1817 785 1870 eruet
806 1813 976 1889 suffigentes
996 1822 1042 1872 aut
1062 1813 1158 1870 bestiis

190 1899 364 1958 obiiciuntnr.
410 1894 455 1954 16.
482 1890 550 1965 ¹Qui
566 1899 702 1954 homiuem
718 1899 925 1963 immolauerint.
941 1916 1010 1956 exue
1025 1901 1082 1956 eius
1098 1914 1159 1954 san·

68 2039 88 2046 ,
191 1988 273 2058 peine
289 1983 436 2046 litauerini‚
453 1982 545 2038 sanum
561 1983 726 2056 templumue
741 1984 902 2056 polluerint,
919 1983 1012 2040 bestiis
1028 1983 1160 2040 obiiciun-

136 2067 140 2079 “
191 2069 325 2133 tur-..uel¹
341 2070 364 2124 si
380 2068 551 2124 honestiores
567 2068 634 2128 sint.
652 2069 739 2140 capita
753 2070 913 2141 puniuntur.
956 2065 998 2125 1⁷.
1023 2061 1161 2144 ²idagicae

190 2156 255 2210 artis
282 2154 418 2210 conscios.
433 2168 538 2207 summo
560 2151 693 2225 supplicio
715 2150 784 2208 aiiiei
810 2154 925 2227 placuit,
951 2153 1042 2208 idest
1064 2152 1161 2210 hestiis

190 2237 270 2308 obiici
297 2245 342 2292 aut
368 2237 440 2291 cruci
468 2234 570 2308 suffigi.
621 2236 675 2309 ipsi
699 2244 789 2292 autem
815 2239 886 2311 mugi
913 2239 969 2293 uiui
995 2243 1158 2293 exuruntur.

190 2320 237 2380 18.
263 2314 377 2376 ³Libros
393 2321 512 2392 magicae
527 2322 592 2376 artis
612 2321 682 2394 apud
703 2337 732 2376 se
753 2322 887 2378 nominem
908 2321 1006 2378 hebere
1026 2321 1103 2386 lieet;
1131 2327 1162 2377 et

190 2398 308 2480 ’peues4
339 2418 525 2477 quoscumque
555 2407 656 2478 reperti
685 2406 756 2468 siner
785 2406 929 2463 'ambustis
959 2407 1001 2462 his
1031 2398 1160 2480 publice⁵

189 2617 290 2682 eicis,
312 2616 356 2682 iu).
386 2619 418 2672 L.
439 2624 458 2669 i.
478 2611 505 2684 S.
523 2627 544 2670 t.
564 2622 597 2671 D.
616 2622 672 2670 eod.
752 2611 783 2684 Μ)
809 2613 826 2671 i.
846 2629 869 2674 ε’.
888 2623 962 2688 quast
981 2622 1084 2686 popuii,
1108 2637 1160 2672 aon

189 2702 234 2738 suo
253 2687 350 2737 nomine
367 2695 528 2751 perpetrato.
588 2686 932 2752 ²)CfiL.t.S.1.D.d.
953 2697 971 2742 t.
1033 2686 1055 2752 ³)
1073 2689 1158 2738 Pteri-

190 2771 238 2820 que
251 2753 316 2808 odd.
340 2756 476 2820 deportetur
489 2772 524 2806 esc
542 2757 600 2805 aliis
618 2757 658 2805 ed.
673 2756 708 2806 Α.
778 2755 800 2820 ⁴)
820 2757 860 2819 Of.
880 2757 913 2806 L.
928 2765 960 2809 15.
982 2755 1009 2820 S.
1023 2767 1043 2807 1.
1059 2756 1125 2806 Μ.
1139 2761 1156 2802 t.

189 2824 223 2874 L.
242 2833 264 2872 s.
283 2822 311 2875 0.
331 2824 464 2873 deaceae.
485 2822 516 2888 (o,
536 2823 568 2886 e).
638 2821 1160 2887 5)0]’.Ι..7,11.1ι.ε.Ι..31.ὶ>.ιια*

190 2893 238 2956 lep.
252 2891 339 2955 Aquit.
359 2893 389 2951 (t,
408 2890 441 2954 2).
511 2890 532 2954 ὓ)
553 2893 676 2941 damnator
693 2891 839 2942 muitivdd.
853 2893 910 2942 edd.
939 2893 1075 2942 dtturitetn
1087 2887 1159 2938 metti

191 2958 255 3010 odd.
324 2957 346 3018 ⁷)
367 2958 406 3021 cf.
426 2959 458 3007 Le
477 2967 497 3012 a.
518 2951 544 3022 s.
563 2968 583 3010 r.
603 2959 669 3010 hs.
688 2949 749 3024 §.a
768 2953 961 3012 L.5.e.1).h.
981 2963 999 3010 t.
1066 2955 1087 3018 ε)
1107 2956 1158 3006 Est

190 3028 264 3076 etiem
282 3027 314 3078 L.
333 3031 367 3078 nt.
387 3024 415 3089 g.
435 3036 455 3074 s.
473 3027 506 3079 D.
526 3028 558 3076 da
573 3029 732 3090 posuistis,
754 3023 796 3092 ro).
866 3025 888 3090 9)
907 3025 1028 3094 Plerique
1049 3023 1113 3076 odd.
1132 3030 1159 3074 et

189 3094 248 3159 Dry.
280 3094 351 3144 homo
369 3099 408 3143 ent
426 3095 512 3143 mniier
529 3096 574 3144 otti
593 3094 657 3146 odd.
671 3096 730 3145 edd.
800 3091 833 3158 ²⁰)
852 3093 894 3157 Cf.
914 3095 946 3144 L.
961 3103 992 3144 13.
1011 3091 1045 3144 D.
1059 3095 1095 3143 ad
1111 3097 1160 3158 lep.

190 3159 267 3212 Corn.
282 3163 314 3212 de
325 3164 373 3212 sic.
387 3160 432 3224 (48,
447 3160 470 3224 s)
484 3167 510 3210 et
521 3160 652 3226 Sedatta'np
663 3163 700 3212 ad
710 3156 734 3216 d.
748 3163 766 3212 l.
788 3156 948 3227 Merouardt
960 3163 1030 3213 didm.
1045 3159 1160 3212 Atterth.

188 3229 242 3283 JV.
261 3240 290 3294 p.
311 3239 354 3279 rai.
437 3222 456 3291 ¹)
483 3221 520 3292 Of.
539 3230 607 3280 Ptin.
630 3229 663 3280 N.
685 3231 720 3279 H.
744 3239 781 3287 so,
802 3239 821 3278 r.
849 3226 972 3283 Lacerant.
997 3231 1056 3279 inst.
1084 3238 1106 3286 1,
1124 3235 1159 3280 u.

189 3297 319 3362 Porpdpr.
340 3293 481 3346 decoctio.
500 3307 520 3353 2,
539 3305 572 3346 tt.
592 3299 624 3348 ot.
684 3293 707 3361 ²)
725 3294 766 3360 Of.
786 3297 946 3364 Marquardi
963 3300 979 3349 ἱ.
993 3313 1015 3348 c.
1075 3294 1097 3359 ι)
1118 3295 1158 3359 Cf.

188 3357 222 3412 L.
232 3373 252 3415 ι.
266 3363 295 3427 s.
307 3373 328 3413 r.
339 3365 372 3416 1).
382 3360 444 3426 fem.
458 3365 548 3414 ercisc.
563 3362 607 3428 (io,
622 3363 655 3428 e).
674 3365 731 3416 htv.
743 3374 775 3422 es,
790 3375 808 3414 t.
828 3373 860 3422 se,
876 3371 906 3414 ro.
924 3373 958 3423 eo,
970 3369 1003 3414 ao.
1051 3361 1073 3426 ⁴)
1087 3360 1159 3413 Oum-

186 3430 277 3495 piuret
294 3426 359 3482 Ode.
390 3435 410 3481 si
434 3447 507 3496 penes
525 3445 561 3482 ee
578 3433 636 3482 aliis
654 3433 713 3482 edd.
783 3421 805 3495 ⁸)
829 3433 989 3496 ambustisqne
1006 3431 1046 3482 iiis
1064 3432 1161 3496 pubiice

1263 274 1268 299 ι
1285 190 1293 251 i

189 297 336 374 quemlibet
357 304 482 370 stuprum
503 295 665 352 inserentem
688 293 830 356 occiderit,
858 294 949 366 puniri
972 309 1027 349 non
1042 293 1160 367 placuit:
1268 294 1273 307 “
