2614 3960
200 191 250 240 600
394 200 458 238 uos.
477 199 512 233 ur
532 200 596 236 raon.
616 199 712 232 escun
730 195 847 232 concta.
867 183 923 232 llVl.
944 185 968 230 2.

206 349 277 402 eius.
321 339 369 400 10.
393 343 424 397 Si
440 348 566 412 patruos
587 359 644 396 aaa
667 332 843 409 habuerit,)⁵
873 338 971 392 dabitis
992 338 1178 396 hereditatem

205 429 330 502 proximo
352 419 481 482 ’eorum6
503 425 536 480 de
559 423 628 478 tribu
651 424 729 478 eius:
761 431 788 478 et
808 422 959 494 possidebit
985 424 1073 478 omnia
1103 425 1174 478 eius.

207 512 240 568 lit
255 513 308 568 erit
323 513 390 568 haec
405 508 466 564 tiliis
483 509 564 564 lsrael
581 507 735 562 iustificatio
751 506 919 568 iudiciorum,
938 507 1086 562 secundum
1104 523 1179 580 quae

205 597 349 653 constitnit
364 595 492 649 Dominus
509 593 621 665 Moysi)

271 679 337 753 Kap.
365 679 396 732 ll.
440 677 541 732 Gaius
568 677 835 731 institutionum
857 672 946 730 libro
973 691 1019 730 111.
1048 675 1176 748 legiti-

208 781 275 819 mas
309 766 359 818 sic
391 761 530 816 ordinat
574 751 861 816 successiones:⁷
902 756 925 815 1.
959 754 1174 814 ⁸lntestatorum

211 847 374 904 hereditates
391 845 452 918 lege
468 845 610 901 duodecim
627 843 777 898 tabularum
793 843 909 915 primum
925 843 957 898 ad
974 860 1039 898 suos
1056 843 1173 898 heredes

208 933 355 1006 pertinent.
401 927 430 986 2.
456 923 522 984 9Sui
539 936 627 984 autem
644 927 756 983 heredes
769 928 958 982 existimantur
973 927 1064 989 liberi,
1081 928 1173 1000 quiin

209 1022 345 1090 potestate
381 1015 521 1068 morientis
559 1013 684 1075 luerunt,
716 1011 802 1066 ueluti
839 1010 910 1067 iilius
941 1010 1046 1072 liliaue,
1085 1027 1174 1083 nepos

209 1101 333 1172 neptisne
349 1097 399 1170 (eae
413 1094 492 1169 filio),
509 1113 646 1170 pronepos
663 1096 839 1170 ploneptisue
855 1113 887 1150 ex
908 1102 1008 1168 nepote
1030 1093 1085 1150 filio
1106 1103 1173 1150 nato

209 1191 360 1257 prognatus
382 1189 559 1254 prognataue.
597 1180 651 1236 Nee
666 1183 790 1240 interest,
811 1178 928 1251 (utrem)
944 1180 1079 1241 naturales
1094 1176 1173 1250 (siat)

209 1268 300 1329 liberi,
317 1285 349 1323 an
366 1266 495 1339 adoptiui.
529 1266 567 1320 lta
583 1265 690 1322 demum
707 1273 795 1319 tamen
810 1281 896 1337 nepos
919 1265 1044 1337 neptisue
1059 1270 1086 1318 et
1108 1279 1175 1336 pro·

144 1418 147 1424 Ι
210 1369 296 1425 nepos
318 1353 495 1425 proneptisue
527 1367 638 1404 suorum
663 1348 792 1404 heredum
810 1365 921 1404 numero
943 1357 1020 1410 sunt,
1047 1348 1071 1402 si
1095 1363 1175 1421 prae-

210 1437 308 1491 cedens
324 1450 440 1508 persona
451 1433 560 1488 desierit
576 1435 615 1504 (in
624 1441 769 1504 potestate
779 1437 917 1502 pareatis
931 1449 1001 1501 esse,
1014 1435 1175 1488 daemorte

210 1524 240 1576 id
255 1515 422 1588 acciderit),
438 1519 497 1570 siue
513 1517 562 1570 alia
578 1519 691 1578 ratione,
708 1516 793 1571 ueluti
809 1517 1030 1589 emancipatione.
1069 1515 1133 1571 Nam
1149 1515 1174 1569 si

209 1601 299 1676 perid
316 1610 437 1674 tempus,
461 1617 515 1671 quo
532 1602 592 1672 quis
614 1602 742 1663 moritur,
769 1598 839 1654 lilius
861 1603 888 1656 in
903 1608 1039 1674 potestate
1054 1601 1111 1655 eius
1127 1601 1173 1660 sit,

208 1702 296 1758 nepos
313 1703 344 1740 ex
360 1702 392 1739 eo
409 1701 474 1738 suus
492 1685 570 1739 heres
587 1700 647 1738 esse
663 1701 718 1740 nou
733 1692 836 1757 potest.
880 1685 951 1740 idem
979 1692 1006 1738 et
1027 1686 1054 1739 in
1075 1684 1175 1740 ceteris

210 1771 338 1842 deinceps
362 1767 507 1823 liberorum
529 1770 652 1840 personis
675 1768 776 1824 dictum
792 1769 991 1842 intellegemus.
1023 1765 1052 1824 3.
1069 1762 1174 1822 ¹⁰Uror

210 1871 329 1928 quoque,
347 1869 415 1926 quus
431 1854 459 1908 iu
474 1869 555 1908 manu
568 1847 741 1907 ’morientis¹
761 1860 811 1914 est,
828 1855 852 1907 ei
868 1871 915 1908 sua
931 1855 1009 1908 heres
1033 1860 1088 1914 est,
1111 1852 1173 1924 quia

210 1938 279 1995 tiliae
295 1938 356 1994 loco
373 1945 428 1993 est:
444 1937 509 1992 item
525 1953 620 1999 nurus,
636 1953 703 2008 qnae
719 1937 745 1990 in
763 1934 810 1990 filii
825 1953 906 1992 manu
922 1945 971 2000 est,
987 1954 1049 1992 nam
1066 1945 1092 1991 et
1108 1936 1174 1990 haec

208 2023 297 2096 neptis
318 2023 379 2078 loco
402 2029 452 2076 est.
499 2021 551 2076 Sed
577 2023 613 2076 itu
631 2021 739 2076 demum
760 2021 811 2074 erit
832 2038 881 2074 sua
902 2022 996 2084 heres,
1019 2018 1064 2092 (si)
1091 2018 1172 2082 filius,

208 2109 285 2162 cuius
307 2109 334 2162 in
351 2108 446 2160 'uranu
472 2099 551 2166 luit,²
572 2122 633 2160 cum
656 2112 734 2178 pater
755 2105 884 2166 moritur,
901 2107 928 2159 in
951 2113 1088 2178 potestate
1115 2105 1174 2159 eius

208 2210 263 2247 non
278 2193 323 2245 sit.
369 2189 495 2261 Idemque
518 2190 629 2244 dicimus
646 2197 673 2244 et
694 2188 727 2243 de
750 2205 794 2249 aa.
823 2205 890 2261 quae
914 2191 940 2244 iu
963 2191 1070 2262 nepotis
1091 2205 1174 2243 mann

209 2276 370 2332 matrimonii
392 2289 471 2328 causa
493 2274 541 2334 sit,
566 2274 629 2346 quia
644 2274 784 2346 proneptis
800 2273 861 2327 loco
883 2280 934 2328 est.
963 2270 1008 2328 ·4.
1033 2265 1174 2329 8Postumi

209 2376 333 2433 quoque,
351 2358 436 2431 quisi
454 2357 517 2411 uiuo
533 2365 645 2430 parente
661 2359 715 2412 nati
732 2365 836 2417 esseut,
853 2358 880 2411 in
896 2365 1031 2430 potestate
1053 2359 1110 2413 eius
1132 2357 1145 2412 l
1162 2386 1174 2397 -

210 2445 264 2498 turi
280 2443 379 2502 forent.
397 2442 438 2495 sui
455 2441 570 2497 heredes
593 2451 665 2497 suut.
696 2439 724 2498 5.
742 2441 814 2497 ldem
831 2442 897 2496 iuris
914 2450 955 2496 est
978 2442 1011 2496 de
1032 2443 1087 2504 his,
1106 2457 1175 2514 quo·

209 2543 270 2582 rum
285 2526 394 2580 nomine
411 2541 442 2579 er
459 2524 520 2598 lege
543 2526 617 2581 Aelia
634 2527 733 2590 Sentia,
747 2526 794 2581 uel
810 2543 842 2580 ex
858 2526 1094 2582 senatusconsulto
1110 2535 1176 2599 post

202 2713 228 2786 ¹5)
254 2725 329 2774 Haec
354 2724 504 2774 adsensum
523 2731 549 2773 et
571 2732 712 2774 ceterorum
732 2725 915 2773 similitudinem
933 2727 1054 2789 supplevi.
1091 2724 1173 2774 Exci·

207 2793 276 2842 disse
294 2794 359 2842 enim
376 2808 407 2842 ea
426 2800 451 2840 et
469 2795 567 2857 quidem
578 2799 690 2856 propter
702 2784 931 2856 dpetoce'leatov,
951 2796 1005 2841 lace
1018 2794 1113 2842 clarius
1125 2797 1169 2839 est.

206 2860 228 2921 6)
249 2861 407 2924 Complura.
442 2861 567 2909 Fortasse
589 2862 652 2923 lep:
676 2861 820 2922 reliquorum
842 2863 881 2908 vet
903 2867 1056 2920 cognatorum
1080 2858 1174 2921 (dedas

208 2927 348 2989 ‘selleca’).
385 2927 421 2973 Et
438 2934 516 2990 pato,
536 2927 698 2976 Pariatorem
716 2929 742 2975 in
759 2927 798 2976 Itis
817 2929 891 2976 etiam
912 2929 1041 2991 perititiam
1059 2927 1173 2976 similitu-

208 2995 288 3044 dinem
307 2995 431 3043 inuenisse
449 2995 504 3054 ¹sibe·
524 2996 600 3043 visum
623 3009 688 3047 esse.
793 2993 814 3060 ⁷)
831 3013 868 3038 =
887 2994 942 3046 Gai.
962 3001 985 3051 3,
1007 3004 1109 3054 t—tt.,
1128 2994 1176 3042 sed

208 3060 257 3124 83.
277 3071 344 3110 1—5.
365 3077 399 3111 aa:
417 3061 440 3112 le.
460 3065 475 3110 t.
495 3064 629 3112 restitutae
647 3069 712 3111 saut.
811 3062 833 3126 8)
854 3061 880 3125 S.
900 3071 919 3114 1,
945 3061 969 3110 Ι.
990 3063 1022 3111 de
1040 3062 1128 3111 iered.
1149 3077 1173 3124 q.

208 3128 239 3178 ab
258 3130 303 3178 int.
324 3126 353 3192 (3,
374 3127 406 3191 1).
485 3129 506 3192 ⁸)
524 3149 558 3172 =
577 3127 604 3192 8.
618 3138 638 3178 2.
658 3129 682 3179 I.
702 3131 772 3188 eod,
793 3147 828 3180 ex
846 3145 896 3196 pua
915 3132 1037 3194 quaedam
1056 3129 1175 3192 suppleta

206 3199 247 3246 eet
264 3204 384 3247 correcta
401 3203 467 3246 sant.
538 3193 568 3259 ¹⁰)
589 3196 630 3258 Cf.
651 3198 707 3248 Gai.
727 3207 746 3255 i,
768 3207 811 3246 tlt.
836 3209 855 3255 3,
876 3206 985 3254 latuisti.
1010 3208 1030 3257 3,
1049 3206 1082 3246 4ο.
1116 3195 1173 3258 Uip.

208 3273 240 3321 aa,
261 3273 294 3316 14.
314 3274 346 3322 as,
365 3273 385 3313 s.
404 3273 436 3319 ao,
458 3273 476 3310 t.
515 3264 577 3312 Gett.
599 3272 632 3322 rs,
651 3273 672 3316 s.
754 3263 774 3329 ¹)
795 3267 845 3314 eins
865 3265 929 3314 cdd.
949 3266 1007 3318 edd.
1046 3265 1086 3329 Of.
1106 3263 1133 3329 s.
1152 3272 1174 3312 2.

206 3333 262 3380 init.
298 3330 403 3380 Scilicet
421 3332 498 3394 prior
517 3347 584 3394 pars
606 3347 627 3379 u.
647 3335 771 3382 morientis
795 3333 825 3382 ab
848 3333 1035 3384 similitudinem
1056 3349 1079 3382 a.
1104 3345 1174 3381 mauu

204 3400 315 3527 ppriit.S
343 3397 391 3527 22
409 3413 492 3512 mtprup
512 3400 561 3448 eius
581 3397 615 3448 B.
651 3415 722 3449 manu
741 3402 791 3449 eius
814 3402 860 3452 Vc.
886 3399 927 3450 Vi.
962 3416 1032 3450 mauu
1052 3403 1096 3450 erit
1114 3397 1171 3450 edd.

246 3483 280 3508 Ξ
319 3500 324 3510 .
391 3481 416 3516 n,
452 3500 459 3512 ,
491 3502 497 3514 .
515 3481 537 3512 C.
