2588 3954
161 159 218 194 VH!
463 213 464 218 Ἰ
564 160 730 196 praemio.

111 269 113 272 Ι
162 299 389 375 quemadmodum
405 297 472 356 fines
489 302 561 357 inter
575 299 816 374 iurispruderrtiam
840 310 867 357 et
888 310 1004 376 cognata
1024 302 1127 360 littera·

160 419 221 460 rum
237 417 338 477 genera
353 402 413 475 regi
428 400 570 466 deberent,
587 408 617 457 ut
633 417 683 457 neo
698 401 785 458 aliena
798 403 953 467 miscuisse,
971 419 1020 460 nee
1035 419 1128 466 ueces-

161 506 229 560 saria
256 501 298 567 vel
319 510 380 576 apta
401 510 475 558 certe
497 494 525 558 ei
545 501 622 558 utilia
643 503 765 569 omisisse
788 502 903 560 viderer.
954 503 1024 560 Saue
1050 505 1126 562 iaeiie

62 641 65 648 ,
160 613 284 680 poteram
305 603 427 678 defungi,
449 605 472 660 si
494 605 589 660 eor'um
610 600 715 660 tautum
734 605 1002 678 ’11111111111111111111,Ι
1032 609 1079 679 qui
1099 614 1127 664 et

160 721 234 762 nune
248 704 438 760 iurisconsulti
454 705 539 779 vulgo
556 705 695 768 feruutur,
711 711 739 761 et
753 706 805 760 iam
826 706 1019 780 imperatorum
1039 715 1127 764 aetate
1164 747 1166 752 .

161 807 245 882 vulgo
267 803 434 862 serebantur.
475 805 528 862 Sed
555 807 587 862 ad
605 806 851 881 'iurisprudeniiam
876 808 962 880 magis
989 799 1126 881 quemad

160 907 371 964 iurisconsultus
392 908 478 963 totius
500 908 591 980 operis
606 908 675 963 ratio
697 923 739 962 me
755 905 926 978 conferebat.
948 915 975 963 et
996 910 1127 964 111111111-

160 1005 295 1071 consulti,
314 1009 360 1081 qui
382 1009 493 1082 proprie
515 987 694 1089 appellantur,
716 1009 797 1086 etiam
812 1005 862 1063 alia
882 1007 980 1075 multa,
1002 1025 1072 1083 quae
1092 1008 1125 1067 aui

160 1111 203 1165 ius
215 1125 275 1164 -non
290 1110 439 1182 pertinent,
456 1107 735 1172 scriheresoleiitsita
750 1108 802 1171 alii,
816 1125 884 1182 quae
899 1097 1126 1184 iurispruderrtiae

160 1219 236 1266 suut.
273 1209 399 1273 Accedit,
421 1209 494 1284 quod
516 1197 629 1265 maxime
649 1217 711 1266 aute
731 1207 874 1265 Caesarum
895 1217 1031 1284 tempora,
1059 1225 1126 1266 non·

161 1311 224 1366 dum
240 1318 364 1367 accurate
380 1310 653 1368 diseretishominum
668 1310 775 1373 studiis,
789 1326 845 1367 uon
862 1319 915 1366 tam
929 1311 1006 1368 iaeiie
1016 1312 1044 1366 iu
1057 1327 1126 1367 uuo·
1148 1288 1152 1294 ’

151 1401 273 1485 'quoque‘
285 1411 394 1476 dixeris,
412 1427 444 1468 an
460 1411 649 1485 iurisprudeus
664 1411 815 1468 censendus
831 1413 866 1468 sit
881 1428 975 1468 neone.
995 1411 1048 1470 Sed
1063 1414 1125 1468 etsi

160 1513 246 1587 magis
263 1511 296 1568 ati
308 1520 473 1587 argumenta
486 1512 620 1569 librorum
634 1491 856 1588 respiciasqnova
878 1511 1023 1569 diiiiouitas
1039 1515 1125 1570 exori·

161 1621 215 1669 tur.
248 1612 314 1668 Cum
326 1614 397 1668 euim
413 1621 473 1669 toto
489 1615 582 1687 priore
598 1629 677 1676 aevo,
693 1597 728 1669 tie
739 1613 846 1695 'primis'
858 1614 966 1688 quidem
984 1596 1124 1670 Gaesirum

161 1711 331 1788 temporibus
356 1715 489 1792 exeeptis,
512 1712 703 1770 iurisconsulti
719 1707 876 1788 praeprimis
901 1717 982 1772 etiam
1002 1715 1031 1770 in
1065 1716 1125 1796 iure

160 1813 310 1890 pontifieio,
328 1815 450 1892 augurali
466 1822 494 1871 et
509 1813 617 1889 publico
635 1809 819 1880 uersarentur,
835 1824 924 1872 tamen
935 1818 987 1872 iam
1000 1815 1033 1872 ad
1045 1815 1125 1872 iiuem

160 1905 299 1990 vergente*
313 1915 396 1972 libera
410 1932 469 1990 rep.
483 1916 662 1974 multae-iuris
675 1915 889 1997 saeri‘etpubliei
903 1925 994 1990 partes
1011 1925 1038 1974 et
1058 1918 1124 1972 auti·

162 2033 276 2091 quarum
297 2017 389 2091 legum
407 2025 583 2073 monumenta
596 2019 674 2073 etiam
691 2016 723 2072 ab
738 2017 810 2080 aliis,
827 2019 874 2092 qui
889 2018 949 2074 ioro
965 2027 993 2075 et
1012 2034 1126 2092 respou-

160 2117 250 2176 dendo
266 2133 375 2192 operam
392 2134 447 2174 non
464 2118 570 2181 dabant,
587 2094 693 2174 tractari
709 2101 805 2192 coepta
819 2125 892 2180 suot,
904 2121 1002 2192 partim
1018 2119 1125 2192 quidem

160 2221 247 2294 ipsius
270 2235 336 2275 usus
364 2221 465 2294 gratia,
479 2221 583 2304 partim
604 2235 668 2276 vero
690 2221 769 2275 etiam
785 2227 820 2275 ‚ut
841 2221 926 2294 magis
953 2221 1124 2294 antiquitates
1196 2223 1200 2232 '

74 2357 77 2362 -
161 2321 359 2393 historiamque
374 2321 470 2394 popuii
482 2319 559 2376 Rom.
572 2321 615 2377 vel
622 2321 737 2394 priscam
751 2319 883 2393 loquendi
900 2321 1125 2378 consuetudinem

161 2421 345 2482 iliustrarent.
362 2437 442 2494 quam
458 2430 489 2477 ut
503 2421 731 2495 iurisprudentiae
751 2422 922 2484 inservirent,
934 2421 1022 2478 donee
1040 2421 1124 2494 impe·
1206 2431 1209 2434 “
1289 2443 1292 2452 ’

161 2529 284 2578 rarorum
310 2524 397 2578 aetate
420 2529 448 2578 et
472 2523 585 2578 maxime
605 2531 670 2596 post
691 2524 780 2597 gentis
806 2521 888 2578 iuliae
909 2523 1047 2580 interitum
1073 2522 1126 2579 hoe

161 2623 317 2680 litterarum
339 2637 462 2696 perusa
489 2625 670 2698 grammaticis
693 2631 720 2679 et
741 2623 908 2697 antiquitatis
929 2614 1125 2679 serutatoribus

164 2726 276 2798 proprie
292 2725 412 2780 exerceri
428 2732 457 2786 et
472 2741 486 2779 a
500 2723 711 2798 iurisprudentia
726 2723 1124 2799 planedisiuugieoeptumest.

161 2824 205 2882 Sia
221 2823 261 2887 fir,
279 2834 310 2881 ut
323 2824 393 2881 haud
409 2827 502 2900 paucis
518 2826 545 2881 in
561 2824 636 2882 libris
654 2826 774 2882 incertus
790 2826 914 2888 haereas,
936 2832 1028 2881 utrum
1048 2826 1126 2880 iuris·

161 2927 335 3002 prudentiae,
359 2944 392 2982 an
407 2927 466 2982 aliis
483 2927 577 2983 artium
594 2926 800 2999 litterarumque
821 2923 966 2999 generibus
984 2940 1032 2981 eos
1049 2926 1125 2981 attri-

159 3026 237 3083 buas.
273 3027 302 3083 iu
325 3034 399 3084 tanta
414 3028 500 3101 igitur
520 3035 658 3084 certorum
680 3025 772 3082 finium
794 3024 958 3102 obscuritate
980 3023 1048 3079 haue
1068 3024 1125 3082 iere

138 3155 142 3161 ·
160 3130 294 3186 rationem
312 3129 447 3190 tenuiori
466 3127 724 3186 iurisconsultorum
745 3126 867 3200 quidem,
888 3126 934 3198 qui
955 3125 1066 3197 proprie
1086 3124 1126 3180 di·

123 3290 126 3294 ,
160 3237 273 3292 cuntur,
291 3229 393 3292 omnia,
411 3245 479 3304 quae
491 3247 547 3286 non
562 3229 642 3303 plane
662 3227 747 3283 aliena
769 3233 885 3282 essenta
905 3225 1124 3302 imprudentia,

159 3332 324 3405 reciperem
347 3339 501 3388 ceterorum
522 3347 601 3392 vero,
624 3330 647 3384 si
663 3325 743 3384 modo
765 3333 826 3382 aute
847 3325 933 3390 iliam.
960 3341 1040 3398 quam
1062 3327 1125 3390 diri,

140 3440 278 3488 -aetatem
295 3417 537 3507 scripserant,'ea‚
558 3445 629 3504 quae
650 3445 682 3484 ex
706 3425 837 3484 librorum
858 3428 1026 3503 argumentis
1046 3429 1126 3484 iuris·
