2634 3960
198 180 247 231 198
438 156 440 162 .
484 192 546 229 eurr
566 193 668 232 rusum.
688 139 879 234 sssum-244.

5 381 9 392 .
70 373 71 378 κ
133 341 189 391 116.
200 337 293 402 deletu
310 327 400 390 est18ss
417 352 493 398 uxor,
510 342 653 391 extraneus
668 343 811 408 postumus
827 337 896 409 patri
912 330 1066 412 continlgit.
1089 334 1161 395 242.

195 422 233 475 Ac
247 437 281 475 ne
297 419 375 476 heres
389 420 495 493 quidem
511 427 603 492 potest
618 421 724 476 institui
738 427 882 492 postumus
899 420 1016 476 alienus:
1033 430 1075 477 est
1091 423 1163 478 enim

195 506 295 560 incerta
317 521 441 577 persona.
487 499 556 563 243.
582 504 677 560 Cetera
692 521 774 566 uero,
798 520 868 577 quoe
882 521 965 578 supra
982 505 1110 568 diximus,
1127 505 1160 562 ad

196 589 284 664 legata
299 590 408 662 proprie
423 590 574 662 pertineut;
597 605 757 663 quamquam
778 605 834 644 uon
854 590 981 646 inmerito
997 585 1163 662 'quibusdam

195 673 306 747 placeat,
323 689 426 746 poenae
442 675 551 729 nomine
566 673 692 746 heredem
707 673 812 729 institui
828 689 884 728 non
895 690 991 746 posse:
1007 674 1074 730 nihil
1090 677 1162 731 enim

195 759 327 821 intererit,
344 765 433 814 utrum
449 759 568 831 legatum
584 757 647 813 dare
662 758 787 814 iubeatur
803 759 897 819 heres,
913 759 937 813 si
952 757 1046 816 fecerit
1062 759 1163 831 aliquid

196 849 312 898 autnon
328 841 435 905 lecerit,
458 859 491 898 an
512 843 625 898 coheres
648 844 672 899 ei
694 842 836 905 adiciatur;
859 843 921 915 quia
943 849 996 897 tam
1019 843 1161 900 coheredis

196 925 346 982 adiectione
369 943 448 1000 quam
463 927 546 1001 legati
567 926 675 983 datione
696 919 873 1000 conpellitur,
893 933 923 982 ut
944 927 1045 1001 aliquid
1066 935 1161 984 contra

197 1013 368 1084 propositum
383 1028 463 1066 suum
479 1011 564 1068 iaciat.

258 1090 328 1151 244.
353 1096 393 1152 Au
409 1097 445 1158 ei,
469 1097 515 1169 qui
530 1097 558 1152 iu
573 1103 709 1169 potestate
724 1097 759 1150 sit
775 1097 848 1157 eius,
872 1111 952 1169 quem
973 1095 1099 1152 heredem
1122 1097 1164 1152 in.-
1308 1163 1310 1170 Α

196 1180 347 1243 stituimus,
363 1189 438 1237 recte
452 1180 590 1255 legemus,
608 1181 754 1254 quaeritur.
779 1179 890 1235 Seruius
906 1187 981 1235 recte
996 1179 1081 1254 legari
1096 1198 1163 1253 pro·
1232 1212 1238 1220 =
1309 1199 1310 1210 ¹

196 1263 249 1328 hat,
266 1264 314 1320 scd
329 1282 491 1322 euanescere
507 1265 640 1339 legatum,
662 1266 685 1320 si
707 1280 761 1338 quo
782 1272 906 1337 tempore
928 1265 984 1320 dies
1007 1265 1162 1338 legatorum

196 1349 292 1405 cedere
308 1350 388 1412 solet,
404 1349 491 1405 adhuc
505 1351 533 1405 in
548 1357 687 1423 potestate
698 1351 747 1412 sit;
763 1348 881 1422 ideoque
892 1350 951 1404 siue
962 1366 1030 1422 pure
1041 1349 1163 1423 legatum

196 1434 231 1487 sit
253 1441 280 1488 et
301 1436 365 1489 uiuo
387 1441 517 1490 testatore
538 1435 564 1489 iu
586 1429 729 1506 potestate¹
743 1432 851 1489 heredis
872 1449 932 1489 esse
959 1434 1084 1497 desierit,
1106 1435 1165 1488 siue

197 1515 247 1572 suh
263 1518 422 1573 condicione
444 1526 471 1573 et
493 1525 554 1573 ante
570 1517 756 1574 condicionem
771 1517 798 1573 id
814 1518 954 1581 acciderit,
977 1517 1069 1574 deberi
1090 1518 1164 1592 lega·

197 1607 263 1656 tum.
287 1601 399 1657 Sabinus
416 1610 442 1657 et
458 1601 563 1658 Cassius
579 1601 630 1657 suh
645 1601 804 1658 condicione
820 1610 893 1658 recte
908 1601 1009 1676 legari,
1025 1619 1093 1676 pure
1109 1620 1165 1658 non

197 1693 279 1746 recte,
304 1693 415 1759 putant;
443 1685 507 1741 licet
533 1689 605 1742 enlm
631 1688 696 1742 uiuo
724 1694 855 1743 testatore
877 1688 964 1761 possit
991 1687 1116 1743 desinere
1136 1688 1165 1742 in

197 1777 334 1843 potestate
354 1771 461 1826 heredis
484 1787 557 1832 esse,
581 1771 642 1828 ideo
664 1778 755 1828 tamen
775 1771 872 1827 inutile
892 1771 1013 1845 legatum
1040 1772 1163 1844 intellegi

198 1863 339 1928 oportere.
363 1857 424 1928 quio
446 1855 518 1930 quod
540 1856 627 1912 nullas
648 1857 720 1912 uires
743 1855 895 1912 habiturum
915 1856 1000 1918 l'oret.
1029 1858 1051 1911 si
1072 1856 1163 1912 statim

198 2069 241 2135 188)
260 2071 362 2136 Scripsi
376 2075 403 2122 in
420 2073 543 2125 ‘Studien
561 2077 588 2126 d.
606 2071 698 2139 lulli)
715 2091 744 2138 p.
761 2082 808 2123 263.
839 2077 914 2137 ‘quae
937 2075 992 2123 iure
1010 2081 1098 2123 nostro
1116 2088 1166 2122 neon

195 2147 282 2204 potest
298 2151 302 2194 ι
317 2145 388 2192 esse’
402 2143 442 2194 ed.
455 2141 505 2206 Bp.
519 2146 565 2202 [en
577 2141 603 2206 3.
617 2151 650 2192 28.
665 2142 690 2193 1.
704 2144 735 2191 de
748 2145 825 2205 tepet.
839 2149 858 2196 ²,
872 2143 920 2199 tu]:
941 2143 984 2206 put
998 2157 1082 2206 paene
1101 2143 1165 2190 turis

197 2224 274 2259 ernon
287 2207 354 2274 (quis
366 2211 430 2259 enim
442 2211 555 2274 ignorat,
575 2227 610 2260 etc
627 2225 669 2268 cu,
689 2226 752 2274 quae
769 2225 839 2259 uxor
855 2210 910 2257 iure
927 2224 978 2259 non
993 2215 1079 2272 potest
1099 2223 1163 2264 esse,
1245 2261 1249 2268 ,

198 2281 253 2324 niati
263 2291 310 2325 nec
323 2284 426 2340 patrem
444 2279 496 2328 diet
510 2295 587 2342 posse
594 2276 615 2340 i)
636 2279 699 2328 Gaio
717 2279 821 2341 impingi
837 2292 887 2326 non
904 2276 1019 2328 debebat.
1039 2275 1079 2337 Cf.
1094 2285 1116 2332 1,
1130 2283 1165 2326 ct.

197 2343 253 2392 Sed
263 2351 288 2393 et
297 2347 376 2406 plane
389 2347 485 2395 alienus
496 2346 555 2395 ltine
571 2353 611 2395 est
627 2347 748 2396 eiusmodi
762 2351 906 2408 postumus,
924 2345 993 2393 euius
1009 2345 1035 2391 in
1050 2342 1076 2404 S.
1090 2350 1124 2391 28.
1139 2341 1164 2390 1.

198 2412 230 2458 de
243 2412 318 2472 tepet.
336 2410 375 2474 (2,
389 2412 429 2473 20)
447 2415 538 2463 mentio
552 2417 598 2476 fit:
615 2429 686 2477 quem
703 2428 753 2462 non
769 2418 796 2460 ut
814 2414 936 2461 incertam
950 2425 1099 2476 personum,
1117 2409 1166 2458 sed

197 2477 259 2541 quia
270 2477 372 2527 honeste
383 2485 512 2542 postumus
523 2481 629 2544 sperari
644 2481 742 2544 nequit,
760 2481 894 2530 instituere
911 2494 961 2529 non
977 2493 1117 2542 possumus.
1132 2503 1164 2512 -

197 2545 315 2593 Ceterum
326 2547 491 2596 certissimum
508 2555 559 2611 cst,
573 2563 638 2614 quae
651 2549 722 2597 ‘iure
740 2554 827 2598 nostro
845 2563 914 2598 uuor
931 2561 986 2596 esse
1004 2561 1054 2596 non
1069 2548 1162 2609 posse'

199 2613 293 2661 dicitur
304 2609 332 2676 3.
345 2622 378 2661 28.
389 2613 414 2662 I.
428 2616 483 2671 cit„
496 2616 638 2680 significari
653 2631 684 2665 eu
701 2631 751 2666 non
771 2632 835 2680 quae
852 2618 907 2666 iure
925 2622 1011 2665 nostro
1030 2614 1108 2678 (quod
1125 2612 1165 2661 di-

198 2681 303 2744 stt'nyuit
315 2682 546 2736 intentamente.
559 2685 631 2734 inustus
643 2685 738 2748 nuptiis
750 2686 892 2748 copulatum
904 2698 1010 2733 uxorem
1022 2689 1048 2731 et
1059 2695 1165 2730 umorem

198 2747 356 2812 simpliciter)
370 2751 437 2800 iustu
448 2766 524 2808 umor,
541 2753 589 2802 sed
599 2767 665 2816 quae
677 2753 732 2802 iure
746 2767 815 2802 necor
827 2754 925 2802 omnino
938 2765 993 2800 csse
1006 2765 1056 2800 non
1065 2749 1166 2812 possit:

200 2831 279 2881 neque
289 2818 362 2866 otium
375 2819 454 2867 locum
466 2820 530 2876 noui,
543 2819 586 2869 uln'
597 2822 652 2870 iure
665 2827 752 2870 nostru
765 2836 835 2870 uuor
847 2834 902 2870 esse
913 2833 989 2882 posse
1003 2823 1096 2882 nepeta
1107 2831 1166 2880 spe·

201 2890 252 2933 etet
264 2891 358 2934 tantum
371 2887 406 2936 cd
417 2888 490 2936 iustis
503 2889 597 2951 nuptiis
609 2889 774 2938 coniunctum.
793 2887 848 2936 Nec
860 2886 925 2936 hunc
937 2901 997 2942 rem,
1011 2887 1037 2934 in
1050 2901 1100 2950 qua
1113 2890 1167 2934 tota

201 2954 315 3014 quaestio
329 2954 443 3012 uertitur,
456 2956 555 3004 omnino
569 2957 649 3019 tunpit
661 2954 711 3018 Bp.
725 2957 765 3004 ed.
778 2965 798 3004 t.
813 2957 848 3004 ud
858 2955 882 3004 tt.
896 2957 914 3004 t.
933 2953 1007 3014 Quod
1016 2968 1077 3002 uero
1088 2965 1166 3016 prae·

201 3022 320 3070 tenende
333 3020 539 3080 exacerbatione,
554 3039 627 3088 quum
640 3038 729 3073 eruore
740 3023 807 3086 sueti
817 3021 877 3072 nint
886 3021 1015 3085 impinpit‚
1029 3022 1061 3069 de
1071 3020 1166 3082 ferula,

202 3089 233 3137 de
245 3090 414 3152 vapulatione,
428 3091 459 3138 cle
471 3091 582 3152 uirorum
594 3093 724 3141 doctorum
736 3088 937 3146 auctoritatibus,
951 3089 983 3138 de
996 3088 1029 3138 L.
1042 3095 1075 3136 ct.
1088 3087 1121 3138 D.
1134 3087 1167 3135 dc

201 3155 275 3220 tepib.
289 3157 411 3221 loquitur,
430 3172 461 3207 ea
473 3173 526 3206 eum
538 3160 574 3207 ud
584 3174 637 3207 rem
649 3174 699 3208 non
710 3159 869 3222 pertineant,
887 3157 963 3207 missu
972 3157 1053 3219 facto.

207 3275 405 3284 --——--·--—-—

204 3344 304 3394 Libid.
323 3343 364 3407 Cf.
380 3345 452 3407 infra
469 3343 555 3408 §.ist
625 3341 643 3473 ξ

204 3409 384 3476 tepat.(2,no).
453 3408 478 3478 §-
493 3413 551 3462 243.
571 3411 610 3474 Cf.
645 3420 696 3463 so.
710 3411 734 3460 I.
750 3413 789 3461 u't.
803 3413 845 3460 eit.
919 3407 944 3477 9.
958 3410 1016 3460 244.
1037 3409 1077 3471 Cf.
1093 3408 1120 3472 8.
1134 3417 1168 3460 sn.

203 3478 228 3530 I.
241 3478 302 3529 ibid.
323 3479 382 3544 Utp.
395 3488 431 3540 nt,
445 3489 478 3530 23.
498 3481 529 3529 h.
543 3489 553 3528 1
564 3494 608 3542 pr.
626 3479 658 3528 L.
673 3487 693 3527 t.
711 3479 745 3528 D.
758 3479 790 3527 de
802 3493 857 3542 req.
871 3477 927 3526 Cot.
942 3473 989 3541 (st,
1003 3475 1035 3540 7).

644 3345 723 3395 .242.
742 3343 783 3406 Cf.
798 3353 820 3402 1,
836 3351 879 3395 ru.
897 3352 921 3400 2,
938 3351 985 3394 nst.
1004 3340 1030 3404 S.
1044 3349 1078 3389 ts.
1096 3341 1121 3390 I.
1135 3342 1167 3389 de
