2648 3974
1189 8 1315 104 “rm

235 214 285 264 308
515 222 699 261 os1111rsr1r.
718 209 754 261 lv.
777 209 919 258 let-136.

375 399 430 406 .ss

164 447 297 512 135134.
324 493 405 507 ....
433 444 598 526 interitione
622 447 754 504 formulae
780 447 990 506 determinatur
1010 449 1049 511 is,
1079 448 1124 504 cui
1145 447 1208 503 dari

208 528 222 557 ⁸
235 543 358 612 oportet;
380 543 407 590 et
423 551 487 590 sane
502 534 611 589 domino
633 533 708 590 'dari
714 525 753 566 ¹⁷³
770 539 894 606 oportet,
913 531 986 605 quod
1002 546 1098 587 seruus
1117 533 1207 606 stipu-

231 622 317 684 latum
339 627 365 676 at
386 621 413 674 in
433 619 647 692 praescriptione
663 617 696 672 de
712 608 822 690 'factet
839 618 992 689 quaeritur,
1016 616 1089 690 quod
1106 632 1206 672 seeun-

230 707 296 761 dum
311 703 459 760 naturalem
474 700 699 776 significationem
716 718 811 758 uerum
828 717 889 756 esse
905 700 995 756 dehet.
1035 697 1098 760 135.
1117 699 1205 768 Quae·

231 805 351 863 cumque
371 795 460 844 autern
482 785 596 842 diximus
618 786 651 842 de
672 787 774 848 seruis,
800 785 893 841 eadem
915 785 958 866 de·
971 787 1071 842 esteris
1093 801 1205 858 quoque

231 875 370 948 personis,
393 887 462 946 quae
477 877 573 926 nostro
588 871 641 926 iuri
656 869 793 926 subiectae
808 877 886 932 sunt,
909 869 980 926 dicta
995 870 1200 944 intellegemus.

230 954 298 1016 136.
321 957 388 1012 Item
404 955 564 1011 admonendi
578 971 685 1016 sumus,
708 956 731 1009 si
752 971 813 1010 cum
828 955 888 1028 ipso
904 971 1031 1028 agemus,
1055 955 1100 1028 qul
1116 955 1206 1010 incer·

231 1051 290 1098 tum
304 1041 472 1117 promiserit,
494 1041 532 1096 ito
546 1039 623 1096 nobis
640 1037 784 1096 formulam
800 1054 860 1095 esse
875 1041 1057 1114 propositam,
1080 1046 1111 1094 ut
1126 1055 1205 1113 prae·

232 1225 359 1282 minorem,
373 1224 404 1273 de
417 1238 467 1290 qua
480 1223 515 1272 ad
525 1237 599 1272 unam
610 1222 717 1271 iadicem
730 1221 821 1285 upitur.
854 1219 909 1284 (Cf.
922 1221 954 1272 L.
970 1229 994 1269 12
1005 1236 1048 1284 pr.
1063 1221 1089 1271 0.
1105 1219 1204 1269 delier.

229 1300 284 1355 pei.
297 1297 317 1350 11,
331 1289 375 1353 31.)
395 1290 431 1339 L't
443 1291 502 1340 oiim
514 1292 625 1355 quidem,
639 1289 756 1354 quamdiu
769 1303 806 1337 ex
816 1288 865 1338 iac
877 1303 955 1337 ceusu
966 1287 1202 1352 praesmibetatur,

233 1361 314 1408 iudea
323 1359 504 1422 principaliter
516 1359 548 1408 de
560 1358 607 1407 noc
618 1355 797 1420 capnoscebut
816 1372 851 1406 aa
863 1356 1001 1405 hereditati
1016 1357 1204 1420 praeiudicium

229 1429 318 1490 (ieret,
340 1426 409 1489 quod
424 1427 448 1474 si
463 1426 691 1487 pronunciuuerat.
709 1425 827 1472 iudicium
844 1425 876 1473 de
893 1426 999 1488 sinpuiis
1017 1424 1093 1474 rebus
1114 1425 1204 1486 petitis

232 1496 405 1549 retinuerat,
424 1493 531 1556 ideoque
548 1499 621 1542 actor
634 1493 710 1553 finita
727 1492 759 1540 de
775 1491 920 1540 hereditate
938 1493 1101 1555 quaestione,
1120 1491 1203 1542 derrua

233 1575 279 1608 eus
296 1564 385 1622 petere
400 1563 512 1622 poterat.
544 1557 617 1608 Nunc
635 1573 696 1608 uero
713 1574 767 1607 cum
786 1561 940 1623 inspeciem
962 1560 1122 1623 exceptionis
1140 1559 1204 1608 naec

231 1627 405 1690 praescriptio
425 1627 535 1676 deducta
552 1628 597 1684 sit,
617 1628 669 1675 aiei
683 1632 757 1675 actor
774 1625 873 1676 obieeta
891 1641 923 1676 ea
943 1627 1066 1676 actionem
1088 1626 1202 1690 differat,

234 1709 287 1742 rem
299 1695 394 1756 perdit,
407 1695 468 1757 quia
479 1708 539 1743 reus
550 1695 574 1743 si
584 1695 769 1758 praeiudicium
777 1696 839 1755 lieri
848 1694 1012 1758 probauerit,
1026 1693 1167 1744 absoluiiur
1179 1699 1204 1743 et

235 1763 326 1812 iterum
337 1762 435 1824 petenti
445 1767 530 1811 actori
540 1769 613 1812 aocet
626 1763 746 1826 exceptio
763 1763 804 1810 rei
820 1763 957 1812 iudicatae.
995 1764 1051 1812 131.
1072 1761 1205 1812 Interdum

234 1845 297 1878 uero
315 1830 390 1878 etium
407 1832 502 1878 nostris
519 1830 674 1893 temporibus
688 1831 864 1892 praescriptio
886 1836 937 1879 tam
955 1844 1006 1893 pro
1024 1837 1113 1880 actore
1132 1846 1205 1895 quum

231 1912 283 1960 pro
295 1909 341 1946 reo
355 1897 414 1946 dari
426 1897 542 1946 uidetur.-
559 1899 628 1961 quod
639 1897 745 1954 accidit,
758 1912 812 1945 eum
825 1898 856 1946 de
869 1911 899 1946 eo
912 1897 1022 1960 opimus,
1037 1899 1105 1963 quod
1116 1912 1205 1948 seruus

233 1965 294 2013 duri
304 1965 440 2026 stipulatus
453 1971 501 2014 est.
530 1965 607 2014 Licet
618 1967 682 2014 enim
694 1979 723 2014 ea
736 1965 834 2014 nomine
845 1965 953 2027 perinde
972 1964 1045 2015 nobis
1057 1965 1204 2016 actio'com-

232 2037 317 2095 petat,
335 2039 411 2095 atque
432 2034 456 2080 si
470 2033 522 2096 ipsi
536 2034 653 2095 stipulati
668 2047 789 2088 essemus,
810 2039 893 2081 tumea
911 2035 972 2096 quia
990 2048 1035 2094 ea,
1059 2048 1123 2098 quae
1140 2033 1207 2096 sacti

233 2105 300 2159 suat,
314 2113 473 2162 capersana
488 2101 650 2162 stipulatoris
660 2100 786 2164 pendent,
800 2102 869 2148 uelut
880 2101 904 2148 si
915 2099 1016 2149 Stichus
1034 2116 1125 2150 seruus
1137 2115 1206 2150 meus

234 2168 272 2215 itu
288 2168 424 2229 stipulatus
441 2170 489 2217 sit:
509 2179 607 2216 raram
617 2180 785 2224 terrenum,
799 2180 880 2216 rrara
894 2181 984 2222 roais.
997 2182 1063 2218 pire
1075 2170 1206 2220 scopare?

231 2245 360 2288 securem
376 2234 507 2299 utriusque
523 2235 661 2297 iitipatoris
677 2235 795 2291 interest,
819 2240 846 2282 ut
863 2236 973 2291 sciatur,
993 2237 1048 2301 quis
1065 2235 1206 2296 stipulatus

232 2301 274 2348 sit.
304 2303 390 2364 itaque
404 2302 516 2363 formula
533 2303 611 2351 datur
627 2317 681 2350 eam
696 2303 904 2366 praescriptione
922 2305 990 2352 uelut
1002 2303 1048 2352 ltoc
1060 2303 1151 2351 modo:
1170 2315 1204 2352 es

233 2379 282 2416 nes
292 2380 393 2424 leiren,
404 2381 468 2424 oroa
479 2381 582 2419 srlcars
594 2381 650 2416 rrtr
660 2381 746 2418 aaran
757 2383 852 2420 serres
864 2383 899 2419 ue
910 2383 1022 2420 ardema
1032 2381 1140 2420 secroto
1153 2381 1207 2420 sri-

233 2445 341 2485 rrtrrrs
351 2447 406 2486 usr.
428 2449 454 2485 sr
472 2449 695 2486 rsaerurueetru
708 2449 833 2486 deerrare
850 2451 913 2488 eruo
924 2453 1015 2490 resero
1030 2450 1115 2488 Decea
1133 2449 1205 2486 111111

234 2513 438 2551 Diaeomflrltfls
451 2503 601 2566 etreliqua:
618 2503 665 2552 ltoc
676 2509 726 2560 est,
740 2504 766 2552 in
778 2505 922 2554 intealtione
936 2505 1066 2554 formulae’
1081 2509 1127 2552 etc.
1160 2503 1204 2567 Cf.

236 2568 361 2617 Zeiisclrr.
377 2568 398 2627 f.
415 2569 499 2630 pescli.
512 2568 583 2618 RW.
597 2569 642 2618 XI
643 2569 684 2618 Il.
701 2586 728 2633 p.
742 2579 789 2619 ³26.
820 2571 972 2636 Exemplum
988 2575 1066 2621 sumsi
1082 2587 1117 2621 ere
1131 2571 1164 2621 L.
1181 2580 1206 2620 ts

231 2651 277 2698 pr.
290 2641 315 2683 et
334 2635 392 2684 Gaii
403 2635 435 2682 L.
450 2643 486 2683 111
495 2651 539 2698 pr.
558 2637 590 2685 D.
604 2638 636 2686 de
652 2637 720 2689 verb.
739 2638 787 2687 obi.
806 2637 900 2700 (15,1).
949 2637 992 2702 173)
1012 2640 1069 2689 dure
1088 2639 1115 2690 G.
1134 2639 1205 2697 edd,

142 2710 144 2716 '
235 2703 305 2766 quad
314 2702 419 2763 saepius
436 2702 512 2750 tacite
530 2706 697 2754 correximus.
744 2703 764 2768 ⁴)
785 2705 831 2757 Ere
844 2705 989 2768 Scuiaiicj.
1019 2715 1088 2771 pecto
1103 2705 1131 2756 G.
1146 2708 1204 2756 edd.

304 2765 330 2830 *)
344 2768 409 2830 Pup.
422 2776 459 2817 235
472 2776 498 2818 et
508 2777 546 2818 236
562 2771 650 2833 fotium
661 2777 719 2822 sant
737 2788 787 2823 aaa
801 2776 967 2838 rescriptum,
983 2783 1061 2825 entra
1074 2775 1102 2825 0.
1121 2775 1147 2824 V
1146 2789 1205 2824 ero-

236 2849 337 2885 neasem
347 2842 485 2893 seruatum,
505 2844 530 2887 et
546 2839 595 2887 iam
606 2848 665 2890 ente
678 2857 732 2890 eum
750 2843 875 2891 detectum
893 2859 909 2890 a
922 2841 1044 2906 Mulsum,
1064 2844 1156 2892 deinde
1174 2843 1205 2892 ab

235 2902 373 2952 Hauboido
391 2902 526 2966 (Zeitsclzr.
543 2905 565 2968 s.
582 2909 666 2970 pescia.
678 2908 749 2958 RW.
763 2909 823 2958 III.
841 2926 867 2972 p.
883 2909 1010 2972 110-116)
1027 2909 1126 2974 publici
1141 2911 1204 2959 iuris

234 2971 338 3032 fuctum,
350 2973 420 3021 cuias
432 2973 514 3037 imapo
524 2975 652 3024 delineata
664 2983 739 3025 extat
750 2978 789 3026 ad
798 2980 891 3027 calcem
903 2979 943 3028 ed.
959 2977 1064 3028 coerce.

237 3152 283 3224 ἕξ.
298 3159 355 3210 134.
369 3160 425 3210 135.
446 3157 485 3221 Cf.
499 3157 527 3222 S.
540 3168 560 3211 2.
574 3158 599 3211 1.
613 3161 645 3209 de
657 3161 716 3224 stip.
728 3175 796 3213 seru.
811 3161 841 3225 (3,
856 3160 902 3226 17).
922 3163 953 3214 L.
967 3171 992 3212 76
1004 3179 1046 3227 pr.
1066 3164 1098 3213 L.
1114 3171 1149 3212 111
1159 3180 1205 3230 pr.

236 3225 271 3274 D.
283 3225 315 3278 de
326 3226 394 3278 uerb.
408 3227 456 3279 obi.
471 3226 517 3285 (15,
533 3225 563 3291 1).
589 3225 621 3275 L.
634 3236 659 3276 11
669 3244 710 3291 pr.
729 3227 762 3281 D.
777 3232 809 3280 de
827 3232 901 3280 cond.
919 3237 945 3279 et
962 3233 1025 3281 dem.
1039 3231 1090 3293 (35,
1104 3229 1135 3296 1).

236 3289 282 3358 ἕξ.
302 3296 359 3344 136.
379 3296 435 3344 137.
466 3293 506 3357 Of.
525 3293 637 3344 ‘Gaius'
653 3311 680 3359 p.
694 3305 718 3344 tt
734 3311 800 3362 sep,
820 3297 863 3347 ubi
879 3305 961 3348 tumen
977 3313 1026 3362 per
1043 3314 1158 3348 errorem
1179 3301 1205 3348 in

237 3364 353 3424 eaempio
362 3362 489 3424 formulae
500 3367 596 3412 certam
607 3363 768 3413 intentionem
778 3380 828 3428 pro
841 3367 942 3416 incerta
951 3369 1037 3430 posui.
1067 3381 1141 3416 prono
1157 3381 1205 3416 cv-

236 3442 283 3476 1vs
296 3431 355 3486 etc]
368 3436 396 3478 ut
406 3430 453 3480 ltoc
466 3431 539 3480 mado
551 3431 587 3492 id,
601 3434 671 3479 cuius
682 3433 723 3480 rei
734 3433 789 3480 dies
802 3439 867 3490 erat,
882 3435 957 3497 quasi
967 3441 1092 3498 separata
1103 3449 1154 3491 res,
1168 3437 1205 3484 ad

235 3502 400 3560 praeceptum
412 3497 475 3546 iilud
491 3499 665 3562 rediperetur,
684 3503 721 3547 tot
732 3499 909 3562 stipulationes
927 3515 983 3550 esse
1002 3508 1061 3565 quoi
1079 3517 1129 3552 res.
1161 3501 1203 3564 Of.
