2634 3960
339 198 401 233 uos.
421 199 456 233 sr
475 199 541 237 nou.
561 200 657 234 nnovu
676 199 792 236 conisa.
812 187 852 244 Vl.
868 189 893 238 i.
1034 211 1036 218 v
1052 187 1102 237 569

133 341 299 396 ’llaximiani
319 334 582 396 nolailissimorum¹2
603 339 753 401 caesarum.
796 341 820 399 1.
839 342 969 410 Quoniam
986 344 1038 416 piis
1059 360 1102 398 re·
1185 405 1190 420 ,
1275 327 1276 334 ¹

132 427 296 500 ligiosisque
323 425 459 484 mentibus
480 428 580 482 nostris
603 443 648 488 ea,
667 443 735 500 quae
764 425 890 484 Romanis
907 427 1012 501 legibus
1028 436 1101 483 caste

133 518 280 583 sancteque
295 517 359 564 sunt
374 511 530 572 constituta,
554 510 716 566 uenerabilis
738 514 850 568 maxime
866 511 1001 574 uidentur,
1019 520 1101 584 atque

80 605 82 610 “
133 603 243 650 aeterna
257 593 390 668 religione
412 594 559 656 seruanda,
576 589 772 652 ’dissimulari³
799 613 850 658 ear
866 609 934 670 quae
960 596 1101 669 aquilius·

132 680 193 734 dam
219 680 248 733 in
276 680 451 754 praeteritum
473 679 574 735 nefarie
595 681 753 754 incestaque
776 682 918 737 commissa
938 683 1017 742 stat,
1046 697 1101 736 non

133 771 261 836 oportere
283 762 432 818 eredimus:
459 762 538 834 'iimo
559 762 594 836 si)
610 758 698 837 quao⁴
713 765 757 820 uel
776 763 924 822 cohibenda
946 773 1032 828 sunt.
1055 764 1099 820 uel

123 849 212 904 ¹etiam
228 846 400 909 uindicanda,
426 848 568 922 insurgere
584 866 634 904 nos
656 849 795 922 disciplina
818 858 976 906 nostrorum
996 858 1101 922 tempo·

130 948 192 988 rum
216 933 383 988 cohortatur.
432 927 557 988 lta'enim
574 941 600 988 et
620 935 693 1006 ipsos
709 926 874 990 immortales
897 935 963 990 deos
978 933 1101 990 Romano

131 1017 249 1078 nomini,
274 1023 303 1070 ut
324 1033 432 1090 semper
446 1010 571 1080 luerunt,
595 1018 717 1074 fauentes
744 1027 825 1092 atque
848 1019 968 1092 placatos
991 1019 1100 1074 futuros

131 1117 192 1156 esse
215 1117 269 1156 non
289 1091 399 1156 duliiani
422 1109 472 1162 est,
488 1103 510 1156 si
528 1110 641 1157 cunctos
659 1102 709 1157 suh
725 1105 836 1177 imperio
856 1111 951 1160 nostro
967 1095 1100 1175 agentes⁵

129 1187 202 1258 piam
217 1185 427 1258 religiosamque
450 1180 567 1240 ’tritam6
582 1194 609 1240 et
625 1181 761 1242 'castum7
777 1189 804 1242 in
821 1185 946 1242 omnibus
963 1181 1099 1242 'morem⁸

130 1268 221 1324 colere
251 1269 454 1342 ’perspexerint
475 1262 643 1326 assuetum.9
696 1266 723 1326 2.
745 1271 774 1326 lu
800 1288 854 1345 quo
881 1271 908 1325 id
935 1272 1014 1326 etiam
1036 1287 1100 1344 pro·

132 1352 277 1410 uidendum
296 1369 374 1426 quam
391 1355 504 1428 maxime
520 1369 580 1408 esse
596 1356 763 1416 censuimus,
793 1363 824 1410 ut
845 1356 1021 1412 matrimoniis
1038 1353 1100 1410 reli·

130 1439 208 1511 giose
224 1445 304 1510 atque
320 1439 441 1511 legitime
462 1440 535 1493 iusta
557 1438 723 1512 disciplinam
745 1442 810 1496 iuris
833 1441 933 1495 ueteris
956 1432 1098 1512 copulatis,

129 1531 184 1578 tam
210 1538 304 1578 eorum
320 1523 464 1585 honestati,
480 1523 527 1596 qui
543 1524 695 1595 nuptiarum
711 1527 929 1580 coniunctionem
953 1532 1098 1586 sectantur,

130 1621 209 1680 quam
236 1608 315 1662 etiam
337 1609 392 1669 his,
420 1609 466 1680 qui
489 1607 615 1680 deinceps
647 1618 753 1664 seruata
785 1609 918 1684 religione
944 1618 1098 1671 nascamur,

128 1692 238 1764 incipiat
260 1708 319 1748 esse
341 1691 511 1748 consultum:
532 1700 559 1747 et
582 1693 724 1748 honestate
745 1695 871 1750 nascendi
893 1696 972 1750 etiam
1006 1701 1098 1767 poste·

128 1777 194 1831 ritas
224 1777 281 1848 ipsa
303 1784 418 1850 purgata
438 1778 483 1833 sit.
535 1771 612 1830 'ld²⁰
633 1779 703 1834 enim
722 1780 816 1851 pietati
850 1786 960 1834 nostrae
986 1780 1099 1834 maxime

127 1859 242 1933 placuit,
273 1869 303 1915 ut
324 1868 416 1916 sancta
436 1861 666 1934 necessitudinum
693 1857 819 1918 uomina¹
856 1864 995 1934 optineant
1026 1862 1112 1934 apud⁴

129 1944 239 1997 allectus
270 1937 353 1998 suos²
383 1945 455 2016 'piae
478 1963 508 2000 ac
528 1939 692 2018 religiosae3
721 1947 948 2019 consanguinitati
979 1945 1092 2000 debitam

129 2027 275 2083 caritatem.
311 2025 457 2100 'lAtenimi
474 2029 548 2084 nefas
564 2047 621 2084 eam
637 2026 746 2086 ereare⁴
763 2039 805 2086 est
820 2047 863 2094 ea,
887 2045 955 2102 quae
976 2031 1004 2084 in
1020 2046 1096 2102 prae-

127 2263 160 2312 L.
174 2270 205 2310 17.
228 2259 254 2310 0.
274 2261 306 2308 de
324 2265 395 2323 oripi.
415 2257 445 2321 (5,
458 2259 490 2324 4),
545 2259 575 2320 ¹²)
595 2261 720 2324 Suspicor
738 2263 881 2325 legendam:
900 2263 1034 2310 llaximiaui
1047 2263 1094 2312 ΑΔ.

128 2345 156 2378 ac
175 2329 386 2378 nobilissimorum.
474 2325 495 2392 ⁸)
515 2330 665 2378 dissimulare
684 2328 747 2378 Caici.
767 2330 825 2378 edd.
916 2325 937 2390 4)
957 2344 1010 2378 cum
1030 2329 1093 2380 Orici.

129 2395 190 2458 (sed)
210 2409 262 2444 curu
282 2397 322 2447 ed.
341 2393 384 2444 Bi.
420 2396 468 2444 imo
487 2397 585 2460 sipost
607 2397 738 2445 cred-imus
762 2396 792 2446 ob
814 2397 999 2446 sirnilitudinem
1022 2399 1096 2446 exei-

16 2503 17 2512 .
104 2466 210 2520 taum,
230 2464 322 2512 deiude
340 2465 443 2527 quaein
461 2479 514 2512 cum
533 2471 651 2513 mutatam
668 2470 788 2528 apparet.
863 2461 883 2526 ὓ)
903 2463 947 2513 &a
969 2465 1015 2515 Vc.
1051 2467 1095 2514 hn-

127 2532 211 2579 hentes
233 2532 274 2579 Vi.
311 2539 394 2590 gentes
412 2529 445 2580 B.
484 2531 542 2581 Hoc
560 2533 596 2580 ad
611 2547 710 2581 sensum
729 2548 778 2582 noo
795 2532 895 2595 inepte,
915 2549 968 2581 cont
986 2548 1021 2582 ece
1038 2539 1093 2583 toto

127 2600 210 2647 edicto
227 2599 335 2646 proxime
355 2597 382 2660 8.
402 2605 413 2644 4
429 2599 473 2660 fin.
491 2606 596 2662 pateat,
616 2601 644 2649 id
657 2601 813 2664 potissimum
829 2603 1041 2664 pertremendum
1059 2602 1094 2650 ei-

101 2667 203 2716 ·oitate
222 2665 336 2722 Romane
354 2667 466 2715 donatas
482 2669 648 2730 spectavisse.
718 2667 739 2728 ⁶)
759 2675 781 2715 et
799 2668 901 2732 quietam
921 2665 954 2716 B.
987 2676 1009 2716 et
1027 2669 1094 2731 quie-

125 2743 171 2781 tem
195 2732 243 2782 Ve.
278 2735 381 2796 quietam
409 2734 450 2782 Vi.
474 2737 514 2787 ed.
539 2734 581 2784 Bt.
623 2735 657 2784 In
681 2735 769 2800 quidus
791 2742 814 2783 et
837 2751 859 2796 q.
885 2751 920 2784 ex
941 2737 1094 2799 repetitione

124 2802 264 2850 ultimorum
282 2801 422 2850 tit-terarum
445 2803 626 2864 praecedentis
648 2805 717 2853 accis
739 2804 766 2850 in
783 2804 836 2863 fine
861 2809 964 2852 notatae
980 2804 1094 2866 prodiit:

125 2870 227 2933 quietum
247 2871 409 2931 sitammam,
429 2869 486 2918 dinc
501 2873 580 2934 piane
599 2872 717 2930 alienam,
741 2869 783 2918 abi
807 2871 839 2917 de
864 2872 962 2932 pietate
987 2876 1013 2918 et
1033 2871 1094 2918 reii-

124 2939 198 3000 gione
216 2938 242 2986 in
261 2939 427 2986 matrimoniis
444 2940 593 3000 copulandis
616 2941 713 3002 agitur,
739 2937 842 2985 librarii
859 2946 920 2986 eret
945 2937 1006 2986 Tim.
1025 2945 1050 2996 2,
1071 2943 1095 2988 2.

124 3005 259 3054 intrusere.
328 3005 348 3063 ⁷)
370 3015 459 3066 castam
473 3005 537 3054 Cdd.
551 3007 610 3054 edd.
675 3004 695 3067 l)
716 3019 781 3052 more
801 3003 865 3053 Cdd.
878 3005 935 3054 edd.
1001 3002 1020 3066 ⁹)
1040 3019 1094 3068 per-

125 3074 269 3134 spexerimns
286 3074 359 3121 uitam
379 3068 447 3134 (uitia
471 3071 530 3136 Ve.)
551 3073 615 3124 cad.
634 3075 695 3124 edd.
731 3071 778 3122 Sil.
799 3081 817 3128 7,
838 3081 883 3120 ata.
904 3074 1018 3122 ‘desueto
1036 3073 1093 3122 belli

125 3137 153 3186 de
170 3143 256 3187 more)
292 3139 405 3190 Aeaeieto
424 3142 569 3190 contrarius
586 3156 639 3190 mos
657 3141 835 3190 exsertantia
854 3145 1034 3204 imperatorum
1053 3147 1092 3188 eci

125 3210 174 3253 tem
196 3205 321 3256 barbarae
348 3224 421 3271 quem
444 3207 613 3257 Christianos.
659 3207 700 3259 Bt.
726 3209 784 3257 eid:
810 3211 874 3271 piam
901 3210 1092 3269 religiosamque,

125 3274 226 3336 quietam
253 3281 276 3322 et
302 3283 392 3323 castam
418 3277 443 3324 in
471 3275 579 3324 omnibus
604 3289 669 3325 more
693 3277 772 3325 colere
795 3277 984 3339 perspexerimus
1009 3276 1089 3324 uitam.

122 3337 155 3400 ²⁰)
174 3339 209 3393 B.
244 3341 299 3389 ideo
322 3341 368 3395 Ve.
396 3343 430 3391 ita
451 3343 492 3392 Vi.
512 3343 553 3392 ed.
572 3342 615 3391 Bi.
686 3341 705 3405 ¹)
725 3346 742 3395 i.
756 3359 778 3392 e.
796 3351 926 3406 parentes.
998 3339 1019 3402 2)
1039 3342 1055 3388 i.
1069 3355 1091 3390 e.

122 3407 228 3463 liberos,-
245 3409 298 3456 oid.
315 3407 451 3461 Forceiiin.
469 3421 490 3460 s.
508 3426 530 3462 o.
617 3408 638 3472 ³)
658 3413 766 3474 plamae
786 3411 923 3470 religiosam
942 3408 1006 3461 aad.
1026 3409 1087 3458 edd.

122 3473 142 3538 4)
162 3477 231 3525 nelos
250 3477 312 3524 enim
332 3473 431 3524 credere
449 3475 513 3528 Gdd.
533 3477 591 3526 edd.
613 3478 700 3541 inepto
719 3493 806 3534 sensa,
830 3479 855 3526 si
880 3491 972 3526 nemrim
990 3483 1092 3526 seuten-
