2634 3960
312 233 376 270 uos.
395 234 429 268 nr
449 235 514 270 acu.
533 234 762 269 crevecoeur.
783 221 831 273 VM.
852 209 926 271 1--3.v
1054 225 1103 273 573

107 423 110 432 ,
136 369 224 433 omnis
238 375 369 453 populus:
385 375 439 439 dat,
457 375 511 431 liat.
556 373 582 434 ’7,
600 372 767 440 Maledictus,
786 379 832 450 qui
848 376 1025 434 concubuerit
1040 395 1102 433 eum
1128 387 1130 394 ’

59 456 81 510 .’
129 477 232 518 Δεοτοτθ
250 461 348 516 uxoris
368 477 446 524 suae;
478 471 506 516 et
531 458 595 516 dicit
622 461 707 516 omnis
732 461 868 534 populns:
895 459 954 524 liat,
972 461 1026 516 liat.
1071 459 1100 518 8.

137 545 302 608 Maledictus,
320 546 366 617 qui
381 545 521 601 dormierit
536 559 597 600 cum
609 560 695 600 uxore
711 545 801 600 fratris
815 547 874 609 sui;
891 556 918 601 et
934 546 999 601 dirit
1015 547 1101 602 omnis

136 628 270 705 populus:
298 627 353 690 liat,
370 627 424 684 liat.
470 627 498 685 9.
523 628 692 690 Maledictus.
721 631 767 702 qni
787 621 926 686 dormierit
948 647 1008 686 cum
1029 623 1109 686 omni

135 731 255 788 pecore:
283 720 310 769 et
325 713 389 772 dicit
405 716 492 770 omnis
507 713 640 787 populus:
657 713 711 776 liet,
728 711 782 769 stet.

229 811 331 876 Explicit
349 807 429 861 titulus
447 812 477 861 de
495 812 630 869 [adulteris,
650 812 822 874 stupratoribus
840 814 872 870 et]
892 813 998 862 incestis.

565 1011 673 1046 INCIPIT

272 1103 346 1176 (arr.
363 1101 430 1173 vm)
462 1119 503 1158 nu
520 1117 653 1158 evenus
670 1119 710 1157 nr
725 1117 829 1158 roura
845 1119 961 1160 suern,

152 1226 156 1232 ’
191 1237 265 1312 ¹Kap.
286 1237 306 1293 1.
353 1237 482 1304 Quodsi
511 1236 695 1292 duodecim
725 1235 864 1292 tabulate
894 1245 1100 1293 nocturnum

137 1323 247 1378 iurem
271 1319 561 1394 'lquoquomodm
585 1323 753 1377 diurnum
779 1315 843 1392 εἰ)ι
875 1329 932 1376 aut
962 1323 1036 1377 ensi
1067 1339 1101 1378 se

136 1400 215 1462 aut²
254 1406 325 1461 telo
361 1406 576 1467 defenderit,
613 1406 775 1461 interfici
809 1403 943 1461 iubent:
973 1407 1101 1461 scitote

136 1489 401 1552 iurisconsulti,
442 1491 523 1563 quia
558 1489 694 1562 Moyses
730 1491 827 1564 prius
865 1491 928 1546 hoc
958 1492 1100 1550 statuit.

137 1574 581 1630 sicutlectiomaniiestat.
628 1573 759 1648 Moyses
783 1567 904 1630 dicit:3
938 1573 961 1630 1.
994 1575 1022 1630 Si
1039 1591 1101 1650 per-

138 1658 243 1714 fodiens
259 1666 338 1714 nocte
350 1660 479 1734 parietem
495 1658 624 1714 inuentus
640 1659 722 1715 luerit
738 1659 795 1721 fur,
813 1668 839 1715 et
854 1660 1018 1732 percusserit
1040 1677 1101 1714 eum

137 1744 213 1805 elius,
230 1751 257 1798 et
278 1752 401 1799 mortuus
417 1743 500 1800 luerit
516 1744 573 1806 nic,
590 1752 700 1799 nonest
714 1743 847 1800 homicida
862 1745 899 1807 is,
923 1746 969 1816 qni
991 1761 1101 1817 pereus-

135 1829 201 1884 serit
216 1844 286 1882 eum.
332 1825 360 1884 2.
392 1828 419 1883 si
435 1833 525 1883 autem
540 1828 581 1883 soi
597 1835 674 1883 ortus
690 1827 772 1883 luerit
788 1845 869 1902 super
885 1845 959 1889 eum,
981 1844 1043 1882 reus
1060 1835 1101 1882 est

137 1913 232 1968 mortis
247 1929 400 1984 percussor,
417 1920 443 1967 et
458 1915 517 1985 ipse
532 1914 672 1968 moriatur.
801 1916 804 1921 '

200 1993 265 2068 Kap.
282 1996 313 2050 lt.
349 1997 474 2050 Penius
494 1996 583 2053 libro
602 1998 856 2052 sententiarum
877 2013 906 2052 v.
930 1996 967 2050 ad
988 1995 1099 2069 legem

137 2079 331 2137 Corneliam
346 2080 385 2135 de
401 2082 537 2136 sicariis
554 2089 585 2136 et
601 2081 784 2136 ueneficis.
830 2079 854 2137 1.
884 2080 912 2135 Si
934 2081 993 2154 quis
1014 2079 1100 2135 iurem

137 2171 315 2226 nocturnum,
344 2164 388 2219 uel
409 2164 548 2229 diurnum,
570 2182 629 2220 cum
652 2183 681 2221 se
703 2164 757 2220 telo
774 2165 946 2227 defenderet,
963 2164 1099 2227 occiderit,

137 2251 186 2304 hac
202 2248 311 2322 quidem
326 2249 388 2323 lege
403 2239 458 2304 non
474 2257 594 2304 tenetur:
618 2250 666 2305 sed
686 2250 782 2306 melius
804 2249 911 2311 iecerit,
935 2243 1016 2322 'qui4
1039 2264 1099 2304 eum

137 2335 363 2407 comprehensum
384 2335 619 2389 transmittendum
649 2333 681 2388 ad
712 2334 862 2407 praesidem
899 2332 1099 2406 magistratibus

9 2403 14 2422 ’
57 2483 62 2491 ⁸
138 2419 276 2491 optulerit.

201 2501 324 2574 Rupili.
361 2503 529 2576 Ulpianus
558 2476 649 2558 libro
678 2520 768 2560 xvrrr.
797 2504 830 2558 ad
860 2502 1009 2560 edietum
1031 2485 1099 2558 ‘sub

138 2585 246 2640 titulo
277 2588 304 2641 si
334 2587 531 2660 quadrupes
561 2589 755 2660 pauperiem
786 2581 954 2644 dederit⁵
1003 2585 1027 2646 1.
1058 2587 1101 2642 ln·

137 2699 341 2710 ι---.-,....

207 2765 227 2832 ¹)
248 2766 433 2833 (quoquomodo,
453 2766 573 2834 diurnum)
592 2773 674 2834 suppl.
695 2769 737 2818 BI.
825 2767 845 2830 ²)
865 2769 991 2817 autemsise
1009 2776 1048 2815 aut
1066 2768 1100 2816 B.

137 2844 177 2886 aut
201 2837 265 2885 ensis
289 2851 314 2884 se
339 2843 378 2884 aut
400 2837 440 2885 Vi.
477 2844 516 2884 aot
539 2839 638 2886 tensisse
662 2846 701 2886 aut
723 2837 767 2886 Ve.
805 2845 881 2885 autem
905 2836 924 2883 si
948 2836 1038 2893 seed.
1057 2835 1099 2882 Bt.

78 2905 86 2916 “’
138 2903 211 2964 Quod
229 2911 310 2953 atatem
328 2905 360 2954 de
378 2905 433 2953 ensi
450 2906 494 2962 uit,
514 2920 563 2953 nen
581 2907 645 2968 ipsis
662 2905 761 2954 rrrtad.
781 2903 892 2952 tribuunt
904 2903 1016 2964 certiora
1030 2903 1100 2950 testi·

115 2975 219 3022 monia
238 2970 299 3033 (uid.
319 2971 431 3022 DirIrcen
454 2973 485 3024 de
502 2972 539 3033 fr.
558 2985 597 3021 ru
611 2973 662 3022 ted.
679 2991 708 3038 p.
727 2969 800 3034 cut),
825 2972 873 3020 sed
893 2972 1103 3034 interpretationi

131 3041 250 3088 debetur.
291 3040 332 3102 Cf.
357 3040 429 3090 Sere.
453 3041 489 3089 od
510 3039 577 3093 Aen.
596 3049 620 3100 9,
641 3049 686 3090 747.
728 3041 791 3103 lpse
812 3053 873 3088 vero
900 3039 947 3088 doe
969 3039 1101 3088 addidisse

110 3122 114 3129 ·
137 3107 248 3164 uidetur,
272 3115 299 3155 ut
320 3110 401 3158 maior
423 3115 568 3172 appareret
589 3119 628 3157 ιιι
648 3108 714 3160 tabe.
739 3123 792 3156 eum
815 3109 869 3171 depe
886 3107 938 3156 Dei
958 3107 1099 3163 similitudo,

137 3187 191 3220 enm
206 3173 310 3234 facilius
328 3191 387 3224 ense
406 3191 478 3240 quem
496 3177 546 3224 telo
561 3178 651 3238 peries
672 3176 829 3239 perferetur.
920 3173 940 3236 3)
960 3173 1048 3223 Euod.
1068 3181 1100 3229 22,

116 3243 158 3290 ’2.
178 3247 198 3287 t.
290 3238 310 3301 ⁴)
329 3240 362 3292 B.
399 3245 419 3291 si
442 3242 488 3291 Vc.
511 3241 552 3290 Vi.
572 3245 612 3294 ed.
632 3242 676 3292 Bl.
772 3240 792 3305 ⁵)
812 3241 897 3290 Etiam
915 3244 946 3292 de
964 3242 1011 3290 doe
1030 3241 1100 3289 tituto

140 3305 264 3374 Ulpianus
288 3309 385 3370 quidem
408 3311 529 3374 euposuii
551 3309 593 3358 tit.
620 3309 735 3360 XVIII.
760 3311 795 3360 ad
817 3311 938 3364 edicturm
964 3309 1012 3356 sed
1037 3321 1101 3371 quae

137 3377 282 3439 sequuntur,
302 3379 350 3424 iam
368 3379 404 3425 ad
419 3384 563 3442 sequentem
580 3380 618 3426 tit.
632 3379 680 3427 ‘nd
690 3375 770 3441 tepere
780 3378 918 3441 Aquiliam’
934 3376 1099 3439 pertinuisse,

138 3444 182 3507 qui
199 3443 284 3492 oculos
304 3443 452 3494 Colleetoris
467 3445 586 3506 superet,
605 3460 649 3493 res
665 3448 724 3508 Ipso
742 3447 816 3495 docet
834 3451 859 3493 et
877 3443 998 3492 Pithoeus
1015 3441 1102 3491 obser-

137 3510 211 3560 vavit.
247 3508 362 3560 Ceterum
380 3511 442 3562 duee
459 3515 555 3575 partim
572 3519 677 3562 exstant
688 3514 721 3564 L.
735 3521 756 3562 3.
775 3523 787 3562 5
801 3528 845 3575 pr.
865 3509 893 3574 3.
909 3519 928 3562 1.
946 3509 980 3562 D.
1000 3511 1035 3560 ad
1051 3513 1099 3574 lep,
