<?xml version="1.0" encoding="UTF-8"?>
<!DOCTYPE html PUBLIC "-//W3C//DTD XHTML 1.0 Transitional//EN"
    "http://www.w3.org/TR/xhtml1/DTD/xhtml1-transitional.dtd">
<html xmlns="http://www.w3.org/1999/xhtml" xml:lang="en" lang="en">
 <head>
  <title>
</title>
<meta http-equiv="Content-Type" content="text/html;charset=utf-8" />
  <meta name='ocr-system' content='tesseract 3.04.00' />
  <meta name='ocr-capabilities' content='ocr_page ocr_carea ocr_par ocr_line ocrx_word'/>
</head>
<body>
  <div class='ocr_page' id='page_1' title='image "./ivrisprvdentiae01huscgoog_0765.png"; bbox 0 0 2590 4286; ppageno 0'>
   <div class='ocr_carea' id='block_1_1' title="bbox 273 130 1108 181">
    <p class='ocr_par' dir='ltr' id='par_1_1' title="bbox 273 130 1108 181">
     <span class='ocr_line' id='line_1_1' title="bbox 273 130 1108 181; baseline 0.006 -6"><span class='ocrx_word' id='word_1_1' title='bbox 273 140 338 177; x_wconf 79' lang='lat' dir='ltr'>var.</span> <span class='ocrx_word' id='word_1_2' title='bbox 357 141 466 178; x_wconf 85' lang='lat' dir='ltr'>cvrvso.</span> <span class='ocrx_word' id='word_1_3' title='bbox 486 142 580 180; x_wconf 74' lang='lat' dir='ltr'>ransc.</span> <span class='ocrx_word' id='word_1_4' title='bbox 599 141 803 180; x_wconf 73' lang='lat' dir='ltr'>consecracio.</span> <span class='ocrx_word' id='word_1_5' title='bbox 823 130 861 181; x_wconf 83' lang='lat' dir='ltr'>tx.</span> <span class='ocrx_word' id='word_1_6' title='bbox 880 131 971 180; x_wconf 85' lang='lat'>8—11.</span> <span class='ocrx_word' id='word_1_7' title='bbox 1055 131 1108 180; x_wconf 78' lang='lat'>745</span> 
     </span>
    </p>
   </div>
   <div class='ocr_carea' id='block_1_2' title="bbox 79 279 1136 1714">
    <p class='ocr_par' dir='ltr' id='par_1_2' title="bbox 79 279 1108 846">
     <span class='ocr_line' id='line_1_2' title="bbox 179 279 1107 358; baseline 0.001 -19"><span class='ocrx_word' id='word_1_8' title='bbox 179 282 364 340; x_wconf 74' lang='lat' dir='ltr'><strong>contuberniis</strong></span> <span class='ocrx_word' id='word_1_9' title='bbox 380 300 441 339; x_wconf 89' lang='lat' dir='ltr'>sese</span> <span class='ocrx_word' id='word_1_10' title='bbox 462 279 588 340; x_wconf 85' lang='lat' dir='ltr'>mulieres</span> <span class='ocrx_word' id='word_1_11' title='bbox 612 285 747 357; x_wconf 89' lang='lat' dir='ltr'>quondam</span> <span class='ocrx_word' id='word_1_12' title='bbox 772 285 907 358; x_wconf 82' lang='lat' dir='ltr'><strong>ingenuae</strong></span> <span class='ocrx_word' id='word_1_13' title='bbox 928 284 1107 348; x_wconf 82' lang='lat' dir='ltr'>subdiderint,</span> 
     </span>
     <span class='ocr_line' id='line_1_3' title="bbox 79 367 1104 433; baseline 0.001 -9"><span class='ocrx_word' id='word_1_14' title='bbox 79 367 83 371; x_wconf 78' lang='grc'><strong>’</strong></span> <span class='ocrx_word' id='word_1_15' title='bbox 180 377 207 424; x_wconf 90' lang='lat' dir='ltr'>et</span> <span class='ocrx_word' id='word_1_16' title='bbox 223 385 295 424; x_wconf 91' lang='lat' dir='ltr'>nunc</span> <span class='ocrx_word' id='word_1_17' title='bbox 309 376 514 424; x_wconf 74' lang='lat' dir='ltr'>contemnentes</span> <span class='ocrx_word' id='word_1_18' title='bbox 530 368 670 424; x_wconf 90' lang='lat' dir='ltr'>dominum</span> <span class='ocrx_word' id='word_1_19' title='bbox 691 371 801 425; x_wconf 90' lang='lat' dir='ltr'>minoris</span> <span class='ocrx_word' id='word_1_20' title='bbox 824 371 934 433; x_wconf 89' lang='lat' dir='ltr'>aetatis,</span> <span class='ocrx_word' id='word_1_21' title='bbox 962 371 1104 426; x_wconf 89' lang='lat' dir='ltr'>seruitutis</span> 
     </span>
     <span class='ocr_line' id='line_1_4' title="bbox 179 448 1108 528; baseline 0.001 -20"><span class='ocrx_word' id='word_1_22' title='bbox 179 455 273 527; x_wconf 85' lang='lat' dir='ltr'>iugum</span> <span class='ocrx_word' id='word_1_23' title='bbox 295 461 428 509; x_wconf 90' lang='lat' dir='ltr'>conantur</span> <span class='ocrx_word' id='word_1_24' title='bbox 449 453 582 528; x_wconf 83' lang='lat' dir='ltr'>elingere,</span> <span class='ocrx_word' id='word_1_25' title='bbox 600 455 718 528; x_wconf 82' lang='lat' dir='ltr'>grauitas</span> <span class='ocrx_word' id='word_1_26' title='bbox 743 461 789 508; x_wconf 89' lang='lat' dir='ltr'>tua</span> <span class='ocrx_word' id='word_1_27' title='bbox 815 454 871 516; x_wconf 90' lang='lat' dir='ltr'>his,</span> <span class='ocrx_word' id='word_1_28' title='bbox 894 448 1027 526; x_wconf 74' lang='lat' dir='ltr'>’quae¹82</span> <span class='ocrx_word' id='word_1_29' title='bbox 1048 471 1108 510; x_wconf 89' lang='lat' dir='ltr'>ser·</span> 
     </span>
     <span class='ocr_line' id='line_1_5' title="bbox 181 533 1106 611; baseline 0.002 -19"><span class='ocrx_word' id='word_1_30' title='bbox 181 537 261 593; x_wconf 90' lang='lat' dir='ltr'>uilem</span> <span class='ocrx_word' id='word_1_31' title='bbox 287 539 473 594; x_wconf 87' lang='lat' dir='ltr'>condicionem</span> <span class='ocrx_word' id='word_1_32' title='bbox 501 555 557 594; x_wconf 91' lang='lat' dir='ltr'>uon</span> <span class='ocrx_word' id='word_1_33' title='bbox 584 539 674 594; x_wconf 90' lang='lat' dir='ltr'>statim</span> <span class='ocrx_word' id='word_1_34' title='bbox 694 539 722 594; x_wconf 92' lang='lat' dir='ltr'>in</span> <span class='ocrx_word' id='word_1_35' title='bbox 748 540 814 611; x_wconf 87' lang='lat' dir='ltr'>ipsis</span> <span class='ocrx_word' id='word_1_36' title='bbox 846 533 1106 596; x_wconf 80' lang='lat' dir='ltr'>’coniunctionum3</span> 
     </span>
     <span class='ocr_line' id='line_1_6' title="bbox 179 617 1107 697; baseline 0.002 -21"><span class='ocrx_word' id='word_1_37' title='bbox 179 623 333 695; x_wconf 83' lang='lat' dir='ltr'><strong>primordiis</strong></span> <span class='ocrx_word' id='word_1_38' title='bbox 348 617 547 697; x_wconf 57' lang='lat' dir='ltr'>refugerant</span> <span class='ocrx_word' id='word_1_39' title='bbox 574 625 762 692; x_wconf 64' lang='lat' dir='ltr'>nenessitatem</span> <span class='ocrx_word' id='word_1_40' title='bbox 784 623 940 679; x_wconf 80' lang='lat' dir='ltr'>subeundae</span> <span class='ocrx_word' id='word_1_41' title='bbox 964 624 1107 680; x_wconf 88' lang='lat' dir='ltr'>seruitutis</span> 
     </span>
     <span class='ocr_line' id='line_1_7' title="bbox 180 707 1105 782; baseline 0.003 -21"><span class='ocrx_word' id='word_1_42' title='bbox 180 709 309 780; x_wconf 90' lang='lat' dir='ltr'>imponat.</span> <span class='ocrx_word' id='word_1_43' title='bbox 355 707 411 762; x_wconf 79' lang='lat' dir='ltr'>liat.</span> <span class='ocrx_word' id='word_1_44' title='bbox 435 707 507 764; x_wconf 77' lang='lat' dir='ltr'>xlv.</span> <span class='ocrx_word' id='word_1_45' title='bbox 539 707 644 764; x_wconf 87' lang='lat' dir='ltr'>kalend.</span> <span class='ocrx_word' id='word_1_46' title='bbox 676 708 747 782; x_wconf 81' lang='lat' dir='ltr'>Aug.</span> <span class='ocrx_word' id='word_1_47' title='bbox 774 707 930 772; x_wconf 80' lang='lat' dir='ltr'>Mediolani,</span> <span class='ocrx_word' id='word_1_48' title='bbox 961 709 1027 782; x_wconf 89' lang='lat' dir='ltr'>ipsis</span> <span class='ocrx_word' id='word_1_49' title='bbox 1049 710 1105 764; x_wconf 89' lang='lat' dir='ltr'>AA.</span> 
     </span>
     <span class='ocr_line' id='line_1_8' title="bbox 180 784 299 846; baseline 0 0"><span class='ocrx_word' id='word_1_50' title='bbox 180 784 299 846; x_wconf 81' lang='lat' dir='ltr'>coss.¹⁷3</span> 
     </span>
    </p>

    <p class='ocr_par' dir='ltr' id='par_1_3' title="bbox 180 874 1136 1526">
     <span class='ocr_line' id='line_1_9' title="bbox 223 874 642 951; baseline -0.002 -19"><span class='ocrx_word' id='word_1_51' title='bbox 223 874 251 932; x_wconf 91' lang='lat'>8.</span> <span class='ocrx_word' id='word_1_52' title='bbox 275 875 313 931; x_wconf 85' lang='lat' dir='ltr'>Ex</span> <span class='ocrx_word' id='word_1_53' title='bbox 328 893 444 949; x_wconf 89' lang='lat' dir='ltr'>corpore</span> <span class='ocrx_word' id='word_1_54' title='bbox 460 877 642 951; x_wconf 86' lang='lat' dir='ltr'>Gregoriano:</span> 
     </span>
     <span class='ocr_line' id='line_1_10' title="bbox 180 956 1106 1033; baseline 0.004 -19"><span class='ocrx_word' id='word_1_55' title='bbox 180 956 265 1033; x_wconf 75' lang='lat' dir='ltr'>⁵lmp.</span> <span class='ocrx_word' id='word_1_56' title='bbox 300 962 452 1016; x_wconf 84' lang='lat' dir='ltr'>Antoninus</span> <span class='ocrx_word' id='word_1_57' title='bbox 480 967 510 1016; x_wconf 88' lang='lat' dir='ltr'>A.</span> <span class='ocrx_word' id='word_1_58' title='bbox 539 961 676 1017; x_wconf 85' lang='lat' dir='ltr'>Prisciano</span> <span class='ocrx_word' id='word_1_59' title='bbox 698 961 785 1016; x_wconf 89' lang='lat' dir='ltr'>militi.</span> <span class='ocrx_word' id='word_1_60' title='bbox 832 961 940 1017; x_wconf 87' lang='lat' dir='ltr'>Summa</span> <span class='ocrx_word' id='word_1_61' title='bbox 969 964 1106 1018; x_wconf 86' lang='lat' dir='ltr'>sententia</span> 
     </span>
     <span class='ocr_line' id='line_1_11' title="bbox 181 1045 1107 1119; baseline 0 -17"><span class='ocrx_word' id='word_1_62' title='bbox 181 1046 383 1119; x_wconf 86' lang='lat' dir='ltr'>comprehensa,</span> <span class='ocrx_word' id='word_1_63' title='bbox 399 1062 488 1118; x_wconf 88' lang='lat' dir='ltr'>quam,</span> <span class='ocrx_word' id='word_1_64' title='bbox 505 1046 672 1102; x_wconf 76' lang='lat' dir='ltr'>cessantibus</span> <span class='ocrx_word' id='word_1_65' title='bbox 689 1045 857 1101; x_wconf 84' lang='lat' dir='ltr'>curatoribus</span> <span class='ocrx_word' id='word_1_66' title='bbox 882 1046 1018 1119; x_wconf 86' lang='lat' dir='ltr'>quondam</span> <span class='ocrx_word' id='word_1_67' title='bbox 1041 1049 1107 1110; x_wconf 83' lang='lat' dir='ltr'>tuis,</span> 
     </span>
     <span class='ocr_line' id='line_1_12' title="bbox 180 1129 1108 1204; baseline 0 -18"><span class='ocrx_word' id='word_1_68' title='bbox 180 1129 261 1186; x_wconf 79' lang='lat' dir='ltr'>iudex</span> <span class='ocrx_word' id='word_1_69' title='bbox 277 1137 387 1186; x_wconf 90' lang='lat' dir='ltr'>secutus</span> <span class='ocrx_word' id='word_1_70' title='bbox 402 1129 576 1186; x_wconf 88' lang='lat' dir='ltr'>iurisiurandi</span> <span class='ocrx_word' id='word_1_71' title='bbox 597 1147 611 1184; x_wconf 89' lang='lat' dir='ltr'>a</span> <span class='ocrx_word' id='word_1_72' title='bbox 634 1139 660 1187; x_wconf 91' lang='lat' dir='ltr'>te</span> <span class='ocrx_word' id='word_1_73' title='bbox 675 1129 774 1202; x_wconf 81' lang='lat' dir='ltr'>perlati</span> <span class='ocrx_word' id='word_1_74' title='bbox 792 1130 967 1204; x_wconf 82' lang='lat' dir='ltr'>religionem,</span> <span class='ocrx_word' id='word_1_75' title='bbox 993 1132 1020 1186; x_wconf 93' lang='lat' dir='ltr'>in</span> <span class='ocrx_word' id='word_1_76' title='bbox 1042 1148 1108 1186; x_wconf 92' lang='lat' dir='ltr'>con·</span> 
     </span>
     <span class='ocr_line' id='line_1_13' title="bbox 182 1213 1109 1289; baseline -0.001 -19"><span class='ocrx_word' id='word_1_77' title='bbox 182 1216 379 1272; x_wconf 89' lang='lat' dir='ltr'>demnationem</span> <span class='ocrx_word' id='word_1_78' title='bbox 394 1213 513 1280; x_wconf 80' lang='lat' dir='ltr'>deduxit,</span> <span class='ocrx_word' id='word_1_79' title='bbox 530 1216 613 1271; x_wconf 92' lang='lat' dir='ltr'>minui</span> <span class='ocrx_word' id='word_1_80' title='bbox 628 1222 708 1289; x_wconf 90' lang='lat' dir='ltr'>pacto</span> <span class='ocrx_word' id='word_1_81' title='bbox 723 1231 778 1270; x_wconf 94' lang='lat' dir='ltr'>non</span> <span class='ocrx_word' id='word_1_82' title='bbox 794 1217 899 1287; x_wconf 89' lang='lat' dir='ltr'>potuit:</span> <span class='ocrx_word' id='word_1_83' title='bbox 921 1232 951 1270; x_wconf 88' lang='lat' dir='ltr'>ac</span> <span class='ocrx_word' id='word_1_84' title='bbox 967 1215 1109 1289; x_wconf 88' lang='lat' dir='ltr'>’propter-</span> 
     </span>
     <span class='ocr_line' id='line_1_14' title="bbox 182 1293 1106 1372; baseline -0.002 -16"><span class='ocrx_word' id='word_1_85' title='bbox 182 1293 230 1356; x_wconf 77' lang='lat' dir='ltr'>ea⁶</span> <span class='ocrx_word' id='word_1_86' title='bbox 246 1299 351 1356; x_wconf 88' lang='lat' dir='ltr'>sublata</span> <span class='ocrx_word' id='word_1_87' title='bbox 370 1300 497 1356; x_wconf 86' lang='lat' dir='ltr'>cautione</span> <span class='ocrx_word' id='word_1_88' title='bbox 516 1299 717 1360; x_wconf 86' lang='lat' dir='ltr'>transactionis,</span> <span class='ocrx_word' id='word_1_89' title='bbox 745 1316 814 1372; x_wconf 79' lang='lat' dir='ltr'>quiae</span> <span class='ocrx_word' id='word_1_90' title='bbox 834 1299 910 1355; x_wconf 93' lang='lat' dir='ltr'>nullo</span> <span class='ocrx_word' id='word_1_91' title='bbox 936 1301 995 1354; x_wconf 88' lang='lat' dir='ltr'>iure</span> <span class='ocrx_word' id='word_1_92' title='bbox 1021 1303 1106 1356; x_wconf 89' lang='lat' dir='ltr'>inter·</span> 
     </span>
     <span class='ocr_line' id='line_1_15' title="bbox 181 1367 1136 1458; baseline -0.001 -18"><span class='ocrx_word' id='word_1_93' title='bbox 181 1383 269 1458; x_wconf 91' lang='lat' dir='ltr'>posita</span> <span class='ocrx_word' id='word_1_94' title='bbox 290 1387 345 1448; x_wconf 88' lang='lat' dir='ltr'>est,</span> <span class='ocrx_word' id='word_1_95' title='bbox 372 1384 518 1458; x_wconf 87' lang='lat' dir='ltr'>Septimius</span> <span class='ocrx_word' id='word_1_96' title='bbox 544 1385 673 1441; x_wconf 90' lang='lat' dir='ltr'>Varianus</span> <span class='ocrx_word' id='word_1_97' title='bbox 700 1399 757 1440; x_wconf 88' lang='lat' dir='ltr'>rem</span> <span class='ocrx_word' id='word_1_98' title='bbox 783 1384 926 1440; x_wconf 87' lang='lat' dir='ltr'>iudicatam</span> <span class='ocrx_word' id='word_1_99' title='bbox 947 1391 1107 1457; x_wconf 84' lang='lat' dir='ltr'>exequatur.</span> <span class='ocrx_word' id='word_1_100' title='bbox 1134 1367 1136 1388; x_wconf 66' lang='lat'><em>&#39;</em></span> 
     </span>
     <span class='ocr_line' id='line_1_16' title="bbox 181 1462 785 1526; baseline 0 -2"><span class='ocrx_word' id='word_1_101' title='bbox 181 1466 231 1525; x_wconf 82' lang='grc' dir='ltr'>ΡΡ.</span> <span class='ocrx_word' id='word_1_102' title='bbox 249 1469 300 1525; x_wconf 90' lang='lat' dir='ltr'>kal.</span> <span class='ocrx_word' id='word_1_103' title='bbox 319 1469 366 1524; x_wconf 92' lang='lat' dir='ltr'>lul.</span> <span class='ocrx_word' id='word_1_104' title='bbox 385 1469 467 1525; x_wconf 91' lang='lat' dir='ltr'>Laeto</span> <span class='ocrx_word' id='word_1_105' title='bbox 482 1468 513 1524; x_wconf 92' lang='lat' dir='ltr'>ll.</span> <span class='ocrx_word' id='word_1_106' title='bbox 530 1477 558 1525; x_wconf 90' lang='lat' dir='ltr'>et</span> <span class='ocrx_word' id='word_1_107' title='bbox 573 1469 682 1526; x_wconf 84' lang='lat' dir='ltr'>Cereale</span> <span class='ocrx_word' id='word_1_108' title='bbox 695 1462 785 1525; x_wconf 84' lang='lat' dir='ltr'>coss⁷</span> 
     </span>
    </p>

    <p class='ocr_par' dir='ltr' id='par_1_4' title="bbox 183 1547 1109 1714">
     <span class='ocr_line' id='line_1_17' title="bbox 224 1547 1104 1628; baseline 0.001 -21"><span class='ocrx_word' id='word_1_109' title='bbox 224 1553 253 1614; x_wconf 83' lang='lat'>9.</span> <span class='ocrx_word' id='word_1_110' title='bbox 279 1547 381 1627; x_wconf 88' lang='lat' dir='ltr'>8lmpp.</span> <span class='ocrx_word' id='word_1_111' title='bbox 400 1554 511 1609; x_wconf 84' lang='lat' dir='ltr'>Dioclet.</span> <span class='ocrx_word' id='word_1_112' title='bbox 529 1562 556 1609; x_wconf 89' lang='lat' dir='ltr'>et</span> <span class='ocrx_word' id='word_1_113' title='bbox 571 1553 718 1611; x_wconf 82' lang='lat' dir='ltr'>llanimian.</span> <span class='ocrx_word' id='word_1_114' title='bbox 736 1549 789 1608; x_wconf 90' lang='lat' dir='ltr'>AA.</span> <span class='ocrx_word' id='word_1_115' title='bbox 812 1553 904 1628; x_wconf 87' lang='lat' dir='ltr'>Ulpiae</span> <span class='ocrx_word' id='word_1_116' title='bbox 927 1552 1104 1610; x_wconf 89' lang='lat' dir='ltr'>llarcellinae.</span> 
     </span>
     <span class='ocr_line' id='line_1_18' title="bbox 183 1639 1109 1714; baseline -0.002 -18"><span class='ocrx_word' id='word_1_117' title='bbox 183 1639 210 1696; x_wconf 88' lang='lat' dir='ltr'>Si</span> <span class='ocrx_word' id='word_1_118' title='bbox 225 1655 348 1714; x_wconf 88' lang='lat' dir='ltr'>praeses.</span> <span class='ocrx_word' id='word_1_119' title='bbox 355 1640 513 1712; x_wconf 91' lang='lat' dir='ltr'>prouinciae</span> <span class='ocrx_word' id='word_1_120' title='bbox 534 1640 712 1712; x_wconf 85' lang='lat' dir='ltr'>ignorantiam</span> <span class='ocrx_word' id='word_1_121' title='bbox 734 1647 806 1694; x_wconf 87' lang='lat' dir='ltr'>tuam</span> <span class='ocrx_word' id='word_1_122' title='bbox 828 1639 998 1694; x_wconf 80' lang='lat' dir='ltr'>fraudulenta</span> <span class='ocrx_word' id='word_1_123' title='bbox 1020 1648 1109 1694; x_wconf 90' lang='lat' dir='ltr'>trans-</span> 
     </span>
    </p>
   </div>
   <div class='ocr_carea' id='block_1_3' title="bbox 182 1713 1205 1797">
    <p class='ocr_par' dir='ltr' id='par_1_5' title="bbox 182 1713 1205 1797">
     <span class='ocr_line' id='line_1_19' title="bbox 182 1713 1205 1797; baseline -0.002 -17"><span class='ocrx_word' id='word_1_124' title='bbox 182 1727 288 1781; x_wconf 88' lang='lat' dir='ltr'>actione</span> <span class='ocrx_word' id='word_1_125' title='bbox 309 1740 339 1779; x_wconf 93' lang='lat' dir='ltr'>ac</span> <span class='ocrx_word' id='word_1_126' title='bbox 361 1723 463 1780; x_wconf 91' lang='lat' dir='ltr'>dolosis</span> <span class='ocrx_word' id='word_1_127' title='bbox 485 1722 586 1779; x_wconf 88' lang='lat' dir='ltr'>artibus</span> <span class='ocrx_word' id='word_1_128' title='bbox 609 1725 703 1797; x_wconf 83' lang='lat' dir='ltr'>generi</span> <span class='ocrx_word' id='word_1_129' title='bbox 725 1726 764 1778; x_wconf 91' lang='lat' dir='ltr'>tui</span> <span class='ocrx_word' id='word_1_130' title='bbox 779 1725 1017 1796; x_wconf 66' lang='lat' dir='ltr'>,circumscriptam</span> <span class='ocrx_word' id='word_1_131' title='bbox 1047 1740 1109 1778; x_wconf 91' lang='lat' dir='ltr'>esse</span> <span class='ocrx_word' id='word_1_132' title='bbox 1203 1713 1205 1722; x_wconf 75' lang='lat'>&#39;</span> 
     </span>
    </p>
   </div>
   <div class='ocr_carea' id='block_1_4' title="bbox 182 1807 1108 2116">
    <p class='ocr_par' dir='ltr' id='par_1_6' title="bbox 182 1807 1108 2116">
     <span class='ocr_line' id='line_1_20' title="bbox 182 1807 1108 1882; baseline -0.002 -18"><span class='ocrx_word' id='word_1_133' title='bbox 182 1810 359 1882; x_wconf 85' lang='lat' dir='ltr'>cognouerit,</span> <span class='ocrx_word' id='word_1_134' title='bbox 386 1810 409 1864; x_wconf 91' lang='lat' dir='ltr'>si</span> <span class='ocrx_word' id='word_1_135' title='bbox 431 1807 539 1882; x_wconf 90' lang='lat' dir='ltr'>quidem</span> <span class='ocrx_word' id='word_1_136' title='bbox 559 1808 700 1882; x_wconf 85' lang='lat' dir='ltr'>Aquiliana</span> <span class='ocrx_word' id='word_1_137' title='bbox 720 1809 861 1882; x_wconf 88' lang='lat' dir='ltr'>stipulatio</span> <span class='ocrx_word' id='word_1_138' title='bbox 888 1815 915 1862; x_wconf 95' lang='lat' dir='ltr'>et</span> <span class='ocrx_word' id='word_1_139' title='bbox 937 1807 1108 1881; x_wconf 88' lang='lat' dir='ltr'>acceptilatio</span> 
     </span>
     <span class='ocr_line' id='line_1_21' title="bbox 182 1892 1105 1966; baseline 0.001 -21"><span class='ocrx_word' id='word_1_140' title='bbox 182 1894 303 1950; x_wconf 89' lang='lat' dir='ltr'>insecuta</span> <span class='ocrx_word' id='word_1_141' title='bbox 318 1908 373 1947; x_wconf 90' lang='lat' dir='ltr'>non</span> <span class='ocrx_word' id='word_1_142' title='bbox 390 1901 441 1957; x_wconf 91' lang='lat' dir='ltr'>est,</span> <span class='ocrx_word' id='word_1_143' title='bbox 458 1901 564 1966; x_wconf 89' lang='lat' dir='ltr'>pactum</span> <span class='ocrx_word' id='word_1_144' title='bbox 581 1893 676 1950; x_wconf 89' lang='lat' dir='ltr'>callide</span> <span class='ocrx_word' id='word_1_145' title='bbox 691 1894 832 1966; x_wconf 87' lang='lat' dir='ltr'>scripturn,</span> <span class='ocrx_word' id='word_1_146' title='bbox 848 1893 963 1965; x_wconf 81' lang='lat' dir='ltr'>integris</span> <span class='ocrx_word' id='word_1_147' title='bbox 982 1892 1105 1966; x_wconf 80' lang='lat' dir='ltr'>singulo·</span> 
     </span>
     <span class='ocr_line' id='line_1_22' title="bbox 183 1975 1105 2093; baseline 0.001 -63"><span class='ocrx_word' id='word_1_148' title='bbox 183 1993 243 2031; x_wconf 92' lang='lat' dir='ltr'>rum</span> <span class='ocrx_word' id='word_1_149' title='bbox 258 1975 417 2093; x_wconf 59' lang='lat' dir='ltr'>petionibus,</span> <span class='ocrx_word' id='word_1_150' title='bbox 434 1977 577 2033; x_wconf 90' lang='lat' dir='ltr'>amouebit.</span> <span class='ocrx_word' id='word_1_151' title='bbox 614 1978 664 2033; x_wconf 89' lang='grc' dir='ltr'>ΡΡ.</span> <span class='ocrx_word' id='word_1_152' title='bbox 682 1977 723 2032; x_wconf 93' lang='lat' dir='ltr'>lll.</span> <span class='ocrx_word' id='word_1_153' title='bbox 742 1995 806 2033; x_wconf 94' lang='lat' dir='ltr'>non.</span> <span class='ocrx_word' id='word_1_154' title='bbox 829 1975 938 2032; x_wconf 89' lang='lat' dir='ltr'>Octobr.</span> <span class='ocrx_word' id='word_1_155' title='bbox 961 1977 1028 2049; x_wconf 91' lang='lat' dir='ltr'>ipsis</span> <span class='ocrx_word' id='word_1_156' title='bbox 1049 1977 1105 2031; x_wconf 89' lang='lat' dir='ltr'>AA.</span> 
     </span>
     <span class='ocr_line' id='line_1_23' title="bbox 183 2077 895 2116; baseline 0 0"><span class='ocrx_word' id='word_1_157' title='bbox 183 2077 253 2116; x_wconf 87' lang='lat' dir='ltr'>coss.</span> <span class='ocrx_word' id='word_1_158' title='bbox 894 2082 895 2086; x_wconf 44' lang='lat'>¹</span> 
     </span>
    </p>
   </div>
   <div class='ocr_carea' id='block_1_5' title="bbox 176 2137 1109 2725">
    <p class='ocr_par' dir='ltr' id='par_1_7' title="bbox 183 2137 1107 2387">
     <span class='ocr_line' id='line_1_24' title="bbox 224 2137 1107 2218; baseline -0.001 -17"><span class='ocrx_word' id='word_1_159' title='bbox 224 2142 271 2202; x_wconf 93' lang='lat'>10.</span> <span class='ocrx_word' id='word_1_160' title='bbox 295 2137 408 2218; x_wconf 69' lang='lat' dir='ltr'>19Olmp.</span> <span class='ocrx_word' id='word_1_161' title='bbox 428 2144 576 2200; x_wconf 86' lang='lat' dir='ltr'>Gordianus</span> <span class='ocrx_word' id='word_1_162' title='bbox 593 2146 624 2200; x_wconf 93' lang='lat' dir='ltr'>A.</span> <span class='ocrx_word' id='word_1_163' title='bbox 641 2145 742 2202; x_wconf 83' lang='lat' dir='ltr'>Cliniae</span> <span class='ocrx_word' id='word_1_164' title='bbox 757 2147 899 2202; x_wconf 88' lang='lat' dir='ltr'>Antoniae.</span> <span class='ocrx_word' id='word_1_165' title='bbox 931 2145 1018 2208; x_wconf 87' lang='lat' dir='ltr'>Pacta,</span> <span class='ocrx_word' id='word_1_166' title='bbox 1035 2162 1107 2218; x_wconf 89' lang='lat' dir='ltr'>quae</span> 
     </span>
     <span class='ocr_line' id='line_1_25' title="bbox 183 2229 1106 2304; baseline -0.002 -18"><span class='ocrx_word' id='word_1_167' title='bbox 183 2240 278 2286; x_wconf 86' lang='lat' dir='ltr'>contra</span> <span class='ocrx_word' id='word_1_168' title='bbox 292 2229 378 2284; x_wconf 91' lang='lat' dir='ltr'>bonos</span> <span class='ocrx_word' id='word_1_169' title='bbox 395 2246 483 2286; x_wconf 89' lang='lat' dir='ltr'>mores</span> <span class='ocrx_word' id='word_1_170' title='bbox 505 2231 731 2304; x_wconf 89' lang='lat' dir='ltr'>interponuntur,</span> <span class='ocrx_word' id='word_1_171' title='bbox 748 2231 814 2286; x_wconf 87' lang='lat' dir='ltr'>iuris</span> <span class='ocrx_word' id='word_1_172' title='bbox 835 2233 904 2286; x_wconf 91' lang='lat' dir='ltr'>ratio</span> <span class='ocrx_word' id='word_1_173' title='bbox 926 2247 981 2285; x_wconf 95' lang='lat' dir='ltr'>non</span> <span class='ocrx_word' id='word_1_174' title='bbox 1003 2236 1106 2285; x_wconf 87' lang='lat' dir='ltr'>tuetur.</span> 
     </span>
     <span class='ocr_line' id='line_1_26' title="bbox 183 2308 947 2387; baseline 0 -17"><span class='ocrx_word' id='word_1_175' title='bbox 183 2315 233 2371; x_wconf 89' lang='grc' dir='ltr'>ΡΡ.</span> <span class='ocrx_word' id='word_1_176' title='bbox 251 2331 315 2371; x_wconf 93' lang='lat' dir='ltr'>non.</span> <span class='ocrx_word' id='word_1_177' title='bbox 334 2313 443 2370; x_wconf 89' lang='lat' dir='ltr'>Octobr.</span> <span class='ocrx_word' id='word_1_178' title='bbox 460 2317 519 2387; x_wconf 88' lang='lat' dir='ltr'>ipso</span> <span class='ocrx_word' id='word_1_179' title='bbox 535 2316 566 2370; x_wconf 90' lang='lat' dir='ltr'>A.</span> <span class='ocrx_word' id='word_1_180' title='bbox 585 2315 615 2369; x_wconf 90' lang='lat' dir='ltr'>ll.</span> <span class='ocrx_word' id='word_1_181' title='bbox 634 2323 661 2370; x_wconf 93' lang='lat' dir='ltr'>et</span> <span class='ocrx_word' id='word_1_182' title='bbox 676 2315 839 2387; x_wconf 87' lang='lat' dir='ltr'>Pompeiano</span> <span class='ocrx_word' id='word_1_183' title='bbox 856 2308 947 2372; x_wconf 89' lang='lat' dir='ltr'>coss.l</span> 
     </span>
    </p>

    <p class='ocr_par' dir='ltr' id='par_1_8' title="bbox 176 2392 1109 2725">
     <span class='ocr_line' id='line_1_27' title="bbox 224 2392 1108 2474; baseline -0.002 -18"><span class='ocrx_word' id='word_1_184' title='bbox 224 2397 266 2456; x_wconf 89' lang='lat'>11.</span> <span class='ocrx_word' id='word_1_185' title='bbox 290 2392 373 2471; x_wconf 82' lang='lat' dir='ltr'>²lmp.</span> <span class='ocrx_word' id='word_1_186' title='bbox 391 2399 541 2455; x_wconf 87' lang='lat' dir='ltr'>Alexander</span> <span class='ocrx_word' id='word_1_187' title='bbox 555 2400 666 2456; x_wconf 86' lang='lat' dir='ltr'>Aurelio</span> <span class='ocrx_word' id='word_1_188' title='bbox 682 2400 818 2472; x_wconf 84' lang='lat' dir='ltr'>Dionysio.</span> <span class='ocrx_word' id='word_1_189' title='bbox 851 2400 916 2456; x_wconf 82' lang='lat' dir='ltr'>Cum</span> <span class='ocrx_word' id='word_1_190' title='bbox 931 2407 1108 2474; x_wconf 86' lang='lat' dir='ltr'>posteaquam</span> 
     </span>
     <span class='ocr_line' id='line_1_28' title="bbox 184 2484 1107 2548; baseline -0.002 -8"><span class='ocrx_word' id='word_1_191' title='bbox 184 2484 354 2540; x_wconf 89' lang='lat' dir='ltr'>aduersarius</span> <span class='ocrx_word' id='word_1_192' title='bbox 371 2485 462 2539; x_wconf 89' lang='lat' dir='ltr'>matris</span> <span class='ocrx_word' id='word_1_193' title='bbox 479 2492 541 2540; x_wconf 87' lang='lat' dir='ltr'>tuae</span> <span class='ocrx_word' id='word_1_194' title='bbox 557 2486 645 2540; x_wconf 89' lang='lat' dir='ltr'>uictus</span> <span class='ocrx_word' id='word_1_195' title='bbox 662 2492 749 2548; x_wconf 89' lang='lat' dir='ltr'>esset,</span> <span class='ocrx_word' id='word_1_196' title='bbox 771 2493 884 2540; x_wconf 87' lang='lat' dir='ltr'>matrem</span> <span class='ocrx_word' id='word_1_197' title='bbox 906 2494 979 2541; x_wconf 85' lang='lat' dir='ltr'>tuam</span> <span class='ocrx_word' id='word_1_198' title='bbox 995 2485 1107 2540; x_wconf 89' lang='lat' dir='ltr'>circurn-</span> 
     </span>
     <span class='ocr_line' id='line_1_29' title="bbox 176 2568 1109 2640; baseline -0.001 -16"><span class='ocrx_word' id='word_1_199' title='bbox 176 2571 298 2632; x_wconf 87' lang='lat' dir='ltr'>uenerit,</span> <span class='ocrx_word' id='word_1_200' title='bbox 315 2576 344 2624; x_wconf 89' lang='lat' dir='ltr'>ut</span> <span class='ocrx_word' id='word_1_201' title='bbox 359 2569 549 2640; x_wconf 88' lang='lat' dir='ltr'>pacisceretur,</span> <span class='ocrx_word' id='word_1_202' title='bbox 566 2568 667 2625; x_wconf 89' lang='lat' dir='ltr'>nullam</span> <span class='ocrx_word' id='word_1_203' title='bbox 682 2587 711 2626; x_wconf 92' lang='lat' dir='ltr'>se</span> <span class='ocrx_word' id='word_1_204' title='bbox 727 2572 941 2626; x_wconf 89' lang='lat' dir='ltr'>controuersiam</span> <span class='ocrx_word' id='word_1_205' title='bbox 965 2569 998 2624; x_wconf 91' lang='lat' dir='ltr'>de</span> <span class='ocrx_word' id='word_1_206' title='bbox 1019 2571 1109 2624; x_wconf 89' lang='lat' dir='ltr'>seruis</span> 
     </span>
     <span class='ocr_line' id='line_1_30' title="bbox 183 2652 1109 2725; baseline -0.002 -17"><span class='ocrx_word' id='word_1_207' title='bbox 183 2663 331 2717; x_wconf 83' lang='lat' dir='ltr'>moturum,</span> <span class='ocrx_word' id='word_1_208' title='bbox 342 2653 374 2708; x_wconf 85' lang='lat' dir='ltr'>td</span> <span class='ocrx_word' id='word_1_209' title='bbox 389 2661 496 2725; x_wconf 90' lang='lat' dir='ltr'>pactum</span> <span class='ocrx_word' id='word_1_210' title='bbox 512 2653 580 2709; x_wconf 89' lang='lat' dir='ltr'>mala</span> <span class='ocrx_word' id='word_1_211' title='bbox 596 2652 648 2709; x_wconf 87' lang='lat' dir='ltr'>fide</span> <span class='ocrx_word' id='word_1_212' title='bbox 664 2655 763 2710; x_wconf 88' lang='lat' dir='ltr'>lactum</span> <span class='ocrx_word' id='word_1_213' title='bbox 778 2657 885 2710; x_wconf 90' lang='lat' dir='ltr'>irritum</span> <span class='ocrx_word' id='word_1_214' title='bbox 901 2663 952 2711; x_wconf 90' lang='lat' dir='ltr'>est.</span> <span class='ocrx_word' id='word_1_215' title='bbox 994 2653 1026 2708; x_wconf 85' lang='lat' dir='ltr'>Et</span> <span class='ocrx_word' id='word_1_216' title='bbox 1047 2670 1109 2708; x_wconf 90' lang='lat' dir='ltr'>cum</span> 
     </span>
    </p>
   </div>
   <div class='ocr_carea' id='block_1_6' title="bbox 141 2817 1114 2952">
    <p class='ocr_par' dir='ltr' id='par_1_9' title="bbox 141 2817 1114 2952">
     <span class='ocr_line' id='line_1_31' title="bbox 142 2817 1109 2883; baseline -0.004 -14"><span class='ocrx_word' id='word_1_217' title='bbox 142 2820 258 2882; x_wconf 79' lang='lat' dir='ltr'>Gotbofr.</span> <span class='ocrx_word' id='word_1_218' title='bbox 277 2822 303 2870; x_wconf 85' lang='lat' dir='ltr'>in</span> <span class='ocrx_word' id='word_1_219' title='bbox 321 2821 353 2871; x_wconf 85' lang='lat' dir='ltr'>L.</span> <span class='ocrx_word' id='word_1_220' title='bbox 373 2829 394 2868; x_wconf 83' lang='lat'>5.</span> <span class='ocrx_word' id='word_1_221' title='bbox 417 2819 461 2868; x_wconf 84' lang='lat' dir='ltr'>Tlt.</span> <span class='ocrx_word' id='word_1_222' title='bbox 483 2819 510 2868; x_wconf 81' lang='grc' dir='ltr'>Ο.</span> <span class='ocrx_word' id='word_1_223' title='bbox 530 2821 566 2868; x_wconf 85' lang='lat' dir='ltr'>ad</span> <span class='ocrx_word' id='word_1_224' title='bbox 582 2818 629 2883; x_wconf 76' lang='lat' dir='ltr'>SC.</span> <span class='ocrx_word' id='word_1_225' title='bbox 651 2820 738 2870; x_wconf 79' lang='lat' dir='ltr'>Claud.</span> <span class='ocrx_word' id='word_1_226' title='bbox 759 2817 789 2880; x_wconf 86' lang='grc'>(4,</span> <span class='ocrx_word' id='word_1_227' title='bbox 808 2818 840 2881; x_wconf 79' lang='lat' dir='ltr'>t).</span> <span class='ocrx_word' id='word_1_228' title='bbox 894 2817 936 2880; x_wconf 78' lang='lat'><strong>¹⁵²)</strong></span> <span class='ocrx_word' id='word_1_229' title='bbox 958 2817 1002 2866; x_wconf 74' lang='lat' dir='ltr'>Eae</span> <span class='ocrx_word' id='word_1_230' title='bbox 1020 2817 1109 2868; x_wconf 83' lang='lat' dir='ltr'>Sedul-</span> 
     </span>
     <span class='ocr_line' id='line_1_32' title="bbox 141 2883 1114 2952; baseline -0.002 -16"><span class='ocrx_word' id='word_1_231' title='bbox 141 2889 201 2952; x_wconf 74' lang='lat' dir='ltr'>tinp.</span> <span class='ocrx_word' id='word_1_232' title='bbox 220 2887 255 2950; x_wconf 65' lang='lat' dir='ltr'>ej.</span> <span class='ocrx_word' id='word_1_233' title='bbox 286 2890 325 2952; x_wconf 87' lang='lat' dir='ltr'>qui</span> <span class='ocrx_word' id='word_1_234' title='bbox 344 2888 403 2937; x_wconf 80' lang='lat' dir='ltr'>edd.</span> <span class='ocrx_word' id='word_1_235' title='bbox 473 2883 494 2952; x_wconf 75' lang='grc'>8)</span> <span class='ocrx_word' id='word_1_236' title='bbox 514 2885 652 2950; x_wconf 74' lang='lat' dir='ltr'>Sedultt&#39;np.</span> <span class='ocrx_word' id='word_1_237' title='bbox 672 2890 707 2948; x_wconf 71' lang='lat' dir='ltr'>ej.</span> <span class='ocrx_word' id='word_1_238' title='bbox 745 2887 934 2936; x_wconf 88' lang='lat' dir='ltr'>couiunctiouem</span> <span class='ocrx_word' id='word_1_239' title='bbox 953 2887 1012 2938; x_wconf 84' lang='lat' dir='ltr'>edd.</span> <span class='ocrx_word' id='word_1_240' title='bbox 1050 2895 1114 2935; x_wconf 82' lang='lat' dir='ltr'>con-¹</span> 
     </span>
    </p>
   </div>
   <div class='ocr_carea' id='block_1_7' title="bbox 140 2951 1215 3088">
    <p class='ocr_par' dir='ltr' id='par_1_10' title="bbox 140 2951 1215 3088">
     <span class='ocr_line' id='line_1_33' title="bbox 140 2951 1204 3018; baseline 0.004 -16"><span class='ocrx_word' id='word_1_241' title='bbox 140 2957 269 3006; x_wconf 87' lang='lat' dir='ltr'>iunctionis</span> <span class='ocrx_word' id='word_1_242' title='bbox 289 2955 408 3017; x_wconf 78' lang='lat' dir='ltr'>Gotlofr.</span> <span class='ocrx_word' id='word_1_243' title='bbox 461 2952 482 3017; x_wconf 73' lang='grc'>4)</span> <span class='ocrx_word' id='word_1_244' title='bbox 500 2955 663 3018; x_wconf 84' lang='lat' dir='ltr'>paciscendo,</span> <span class='ocrx_word' id='word_1_245' title='bbox 683 2963 710 3004; x_wconf 84' lang='lat' dir='ltr'>ut</span> <span class='ocrx_word' id='word_1_246' title='bbox 727 2955 823 3004; x_wconf 83' lang='lat' dir='ltr'>liberae</span> <span class='ocrx_word' id='word_1_247' title='bbox 841 2961 972 3004; x_wconf 83' lang='lat' dir='ltr'>manerent</span> <span class='ocrx_word' id='word_1_248' title='bbox 990 2951 1036 3016; x_wconf 78' lang='lat' dir='ltr'>(ef.</span> <span class='ocrx_word' id='word_1_249' title='bbox 1055 2957 1108 3004; x_wconf 83' lang='lat' dir='ltr'>not.</span> <span class='ocrx_word' id='word_1_250' title='bbox 1199 2996 1204 3006; x_wconf 89' lang='lat'>.</span> 
     </span>
     <span class='ocr_line' id='line_1_34' title="bbox 141 3021 1215 3088; baseline 0 -18"><span class='ocrx_word' id='word_1_251' title='bbox 141 3025 176 3070; x_wconf 85' lang='lat' dir='ltr'>ad</span> <span class='ocrx_word' id='word_1_252' title='bbox 196 3024 251 3072; x_wconf 80' lang='lat' dir='ltr'>Gai.</span> <span class='ocrx_word' id='word_1_253' title='bbox 273 3033 291 3080; x_wconf 89' lang='lat' dir='ltr'>t,</span> <span class='ocrx_word' id='word_1_254' title='bbox 311 3033 343 3075; x_wconf 85' lang='lat' dir='ltr'>at.</span> <span class='ocrx_word' id='word_1_255' title='bbox 373 3024 448 3073; x_wconf 83' lang='lat' dir='ltr'>Paul.</span> <span class='ocrx_word' id='word_1_256' title='bbox 468 3023 574 3080; x_wconf 57' lang='grc' dir='ltr'>ΜΛ,</span> <span class='ocrx_word' id='word_1_257' title='bbox 594 3031 626 3070; x_wconf 83' lang='grc'>10.</span> <span class='ocrx_word' id='word_1_258' title='bbox 647 3021 734 3088; x_wconf 49' lang='lat' dir='ltr'>§.ak</span> <span class='ocrx_word' id='word_1_259' title='bbox 753 3024 886 3072; x_wconf 76' lang='lat' dir='ltr'>teudeiam</span> <span class='ocrx_word' id='word_1_260' title='bbox 904 3029 1028 3087; x_wconf 82' lang='lat' dir='ltr'>apparet,</span> <span class='ocrx_word' id='word_1_261' title='bbox 1049 3023 1112 3086; x_wconf 81' lang='lat' dir='ltr'>quid</span> <span class='ocrx_word' id='word_1_262' title='bbox 1212 3030 1215 3035; x_wconf 84' lang='lat'>&#39;</span> 
     </span>
    </p>
   </div>
   <div class='ocr_carea' id='block_1_8' title="bbox 140 3088 1110 3493">
    <p class='ocr_par' dir='ltr' id='par_1_11' title="bbox 140 3088 1110 3493">
     <span class='ocr_line' id='line_1_35' title="bbox 141 3088 1110 3156; baseline 0.002 -20"><span class='ocrx_word' id='word_1_263' title='bbox 141 3090 281 3152; x_wconf 78' lang='lat' dir='ltr'>attinuerit,</span> <span class='ocrx_word' id='word_1_264' title='bbox 294 3093 360 3142; x_wconf 82' lang='lat' dir='ltr'>dane</span> <span class='ocrx_word' id='word_1_265' title='bbox 372 3092 574 3156; x_wconf 77' lang='lat' dir='ltr'>constitutionem</span> <span class='ocrx_word' id='word_1_266' title='bbox 590 3091 630 3140; x_wconf 83' lang='lat' dir='ltr'>bie</span> <span class='ocrx_word' id='word_1_267' title='bbox 643 3090 800 3141; x_wconf 77' lang='lat' dir='ltr'>subnectere.</span> <span class='ocrx_word' id='word_1_268' title='bbox 854 3088 875 3156; x_wconf 77' lang='grc'>5)</span> <span class='ocrx_word' id='word_1_269' title='bbox 895 3092 926 3142; x_wconf 86' lang='lat' dir='ltr'>L.</span> <span class='ocrx_word' id='word_1_270' title='bbox 941 3101 959 3142; x_wconf 91' lang='lat'>1.</span> <span class='ocrx_word' id='word_1_271' title='bbox 974 3091 1020 3140; x_wconf 83' lang='lat' dir='ltr'>Gr.</span> <span class='ocrx_word' id='word_1_272' title='bbox 1035 3091 1063 3142; x_wconf 84' lang='lat'>0.</span> <span class='ocrx_word' id='word_1_273' title='bbox 1077 3091 1110 3138; x_wconf 87' lang='lat' dir='ltr'>de</span> 
     </span>
     <span class='ocr_line' id='line_1_36' title="bbox 140 3157 1109 3222; baseline 0.001 -18"><span class='ocrx_word' id='word_1_274' title='bbox 140 3163 266 3207; x_wconf 79' lang='lat' dir='ltr'>transeat.</span> <span class='ocrx_word' id='word_1_275' title='bbox 286 3157 321 3218; x_wconf 89' lang='lat'>(1,</span> <span class='ocrx_word' id='word_1_276' title='bbox 341 3159 375 3220; x_wconf 77' lang='grc'>11)</span> <span class='ocrx_word' id='word_1_277' title='bbox 392 3177 419 3222; x_wconf 89' lang='lat' dir='ltr'>p.</span> <span class='ocrx_word' id='word_1_278' title='bbox 439 3170 450 3205; x_wconf 87' lang='lat'>5</span> <span class='ocrx_word' id='word_1_279' title='bbox 467 3159 553 3208; x_wconf 83' lang='lat' dir='ltr'>Haeo.</span> <span class='ocrx_word' id='word_1_280' title='bbox 592 3157 631 3221; x_wconf 78' lang='lat' dir='ltr'>Of.</span> <span class='ocrx_word' id='word_1_281' title='bbox 651 3160 683 3207; x_wconf 84' lang='lat' dir='ltr'>L.</span> <span class='ocrx_word' id='word_1_282' title='bbox 702 3171 722 3212; x_wconf 81' lang='lat'>5.</span> <span class='ocrx_word' id='word_1_283' title='bbox 744 3159 770 3210; x_wconf 88' lang='lat'>0.</span> <span class='ocrx_word' id='word_1_284' title='bbox 790 3159 988 3210; x_wconf 67' lang='lat' dir='ltr'>detrabatur.</span> <span class='ocrx_word' id='word_1_285' title='bbox 1008 3157 1043 3219; x_wconf 84' lang='lat'>(5,</span> <span class='ocrx_word' id='word_1_286' title='bbox 1063 3157 1109 3222; x_wconf 81' lang='lat'>53).</span> 
     </span>
     <span class='ocr_line' id='line_1_37' title="bbox 140 3223 1108 3292; baseline 0.005 -20"><span class='ocrx_word' id='word_1_287' title='bbox 140 3223 161 3284; x_wconf 71' lang='grc' dir='ltr'>Β)</span> <span class='ocrx_word' id='word_1_288' title='bbox 180 3225 244 3274; x_wconf 85' lang='lat' dir='ltr'>Par.</span> <span class='ocrx_word' id='word_1_289' title='bbox 263 3235 299 3274; x_wconf 80' lang='lat' dir='ltr'>so.</span> <span class='ocrx_word' id='word_1_290' title='bbox 334 3235 455 3290; x_wconf 87' lang='lat' dir='ltr'>praeterea</span> <span class='ocrx_word' id='word_1_291' title='bbox 475 3229 538 3275; x_wconf 85' lang='lat' dir='ltr'>Par.</span> <span class='ocrx_word' id='word_1_292' title='bbox 558 3236 590 3273; x_wconf 82' lang='lat'>77.</span> <span class='ocrx_word' id='word_1_293' title='bbox 610 3226 689 3291; x_wconf 75' lang='lat' dir='ltr'>Pupp.</span> <span class='ocrx_word' id='word_1_294' title='bbox 773 3225 795 3292; x_wconf 85' lang='lat'>⁷)</span> <span class='ocrx_word' id='word_1_295' title='bbox 815 3243 839 3276; x_wconf 86' lang='lat' dir='ltr'>a.</span> <span class='ocrx_word' id='word_1_296' title='bbox 859 3236 905 3278; x_wconf 81' lang='lat'>215.</span> <span class='ocrx_word' id='word_1_297' title='bbox 994 3224 1015 3288; x_wconf 75' lang='lat'>⁸)</span> <span class='ocrx_word' id='word_1_298' title='bbox 1035 3226 1067 3273; x_wconf 89' lang='lat' dir='ltr'>L.</span> <span class='ocrx_word' id='word_1_299' title='bbox 1087 3235 1108 3277; x_wconf 83' lang='lat'>5.</span> 
     </span>
     <span class='ocr_line' id='line_1_38' title="bbox 143 3290 1109 3357; baseline 0 -17"><span class='ocrx_word' id='word_1_300' title='bbox 143 3291 186 3344; x_wconf 86' lang='lat' dir='ltr'>Gr.</span> <span class='ocrx_word' id='word_1_301' title='bbox 208 3292 235 3341; x_wconf 83' lang='lat'>0.</span> <span class='ocrx_word' id='word_1_302' title='bbox 256 3294 287 3342; x_wconf 85' lang='lat' dir='ltr'>de</span> <span class='ocrx_word' id='word_1_303' title='bbox 307 3300 430 3343; x_wconf 79' lang='lat' dir='ltr'>traderet.</span> <span class='ocrx_word' id='word_1_304' title='bbox 452 3291 481 3357; x_wconf 90' lang='lat' dir='ltr'>(t,</span> <span class='ocrx_word' id='word_1_305' title='bbox 502 3294 536 3355; x_wconf 84' lang='lat'>11)</span> <span class='ocrx_word' id='word_1_306' title='bbox 556 3295 641 3342; x_wconf 80' lang='lat' dir='ltr'>Haeo.</span> <span class='ocrx_word' id='word_1_307' title='bbox 660 3311 687 3357; x_wconf 86' lang='lat' dir='ltr'>p.</span> <span class='ocrx_word' id='word_1_308' title='bbox 705 3305 725 3346; x_wconf 82' lang='lat' dir='ltr'>c.</span> <span class='ocrx_word' id='word_1_309' title='bbox 797 3294 818 3355; x_wconf 79' lang='grc'>9)</span> <span class='ocrx_word' id='word_1_310' title='bbox 838 3311 863 3344; x_wconf 82' lang='lat' dir='ltr'>a.</span> <span class='ocrx_word' id='word_1_311' title='bbox 882 3302 1001 3346; x_wconf 71' lang='lat' dir='ltr'>atta—304,</span> <span class='ocrx_word' id='word_1_312' title='bbox 1064 3290 1109 3355; x_wconf 79' lang='grc'>190)</span> 
     </span>
     <span class='ocr_line' id='line_1_39' title="bbox 146 3360 1108 3426; baseline 0.001 -18"><span class='ocrx_word' id='word_1_313' title='bbox 146 3360 206 3409; x_wconf 78' lang='lat' dir='ltr'>Via.</span> <span class='ocrx_word' id='word_1_314' title='bbox 227 3361 314 3410; x_wconf 81' lang='lat' dir='ltr'>Haeo.</span> <span class='ocrx_word' id='word_1_315' title='bbox 335 3363 379 3412; x_wconf 81' lang='lat' dir='ltr'>Gr.</span> <span class='ocrx_word' id='word_1_316' title='bbox 401 3361 427 3411; x_wconf 81' lang='lat' dir='ltr'>G.</span> <span class='ocrx_word' id='word_1_317' title='bbox 445 3379 473 3426; x_wconf 87' lang='lat' dir='ltr'>p.</span> <span class='ocrx_word' id='word_1_318' title='bbox 492 3371 512 3412; x_wconf 87' lang='lat'>3.</span> <span class='ocrx_word' id='word_1_319' title='bbox 596 3361 724 3424; x_wconf 74' lang='grc' dir='ltr'>1)α.241.</span> <span class='ocrx_word' id='word_1_320' title='bbox 807 3360 828 3426; x_wconf 81' lang='lat'>²)</span> <span class='ocrx_word' id='word_1_321' title='bbox 848 3363 879 3411; x_wconf 74' lang='lat' dir='ltr'>J..</span> <span class='ocrx_word' id='word_1_322' title='bbox 899 3372 919 3412; x_wconf 80' lang='lat' dir='ltr'>a.</span> <span class='ocrx_word' id='word_1_323' title='bbox 941 3363 967 3424; x_wconf 76' lang='lat' dir='ltr'>Q.</span> <span class='ocrx_word' id='word_1_324' title='bbox 987 3363 1018 3410; x_wconf 83' lang='lat' dir='ltr'>cle</span> <span class='ocrx_word' id='word_1_325' title='bbox 1035 3367 1108 3424; x_wconf 80' lang='lat' dir='ltr'>pact.</span> 
     </span>
     <span class='ocr_line' id='line_1_40' title="bbox 140 3425 764 3493; baseline 0.01 -19"><span class='ocrx_word' id='word_1_326' title='bbox 140 3425 172 3490; x_wconf 77' lang='lat'>(2,</span> <span class='ocrx_word' id='word_1_327' title='bbox 192 3427 225 3492; x_wconf 84' lang='grc'>3),</span> <span class='ocrx_word' id='word_1_328' title='bbox 262 3446 286 3478; x_wconf 83' lang='lat' dir='ltr'>ct.</span> <span class='ocrx_word' id='word_1_329' title='bbox 306 3438 351 3481; x_wconf 75' lang='lat'>226.</span> <span class='ocrx_word' id='word_1_330' title='bbox 389 3429 475 3482; x_wconf 84' lang='lat' dir='ltr'>Heeu.</span> <span class='ocrx_word' id='word_1_331' title='bbox 497 3431 540 3480; x_wconf 77' lang='lat' dir='ltr'>Gr.</span> <span class='ocrx_word' id='word_1_332' title='bbox 559 3429 587 3478; x_wconf 80' lang='lat'>0.</span> <span class='ocrx_word' id='word_1_333' title='bbox 604 3447 632 3493; x_wconf 81' lang='lat' dir='ltr'>p.</span> <span class='ocrx_word' id='word_1_334' title='bbox 651 3439 671 3480; x_wconf 83' lang='lat'>3.</span> <span class='ocrx_word' id='word_1_335' title='bbox 763 3475 764 3480; x_wconf 72' lang='grc'>,</span> 
     </span>
    </p>
   </div>
   <div class='ocr_carea' id='block_1_9' title="bbox 0 0 1308 4286">
    <p class='ocr_par' dir='ltr' id='par_1_12' title="bbox 0 0 1308 4286">
     <span class='ocr_line' id='line_1_41' title="bbox 0 0 1308 4286; baseline 0 0"><span class='ocrx_word' id='word_1_336' title='bbox 0 0 1308 4286; x_wconf 95' lang='lat' dir='ltr'> </span> 
     </span>
    </p>
   </div>
  </div>
 </body>
</html>
