2648 3974
514 182 609 218 rumve
628 181 760 218 ravanus.
1072 168 1125 218 353

152 317 302 369 medullam
322 333 427 384 eorum,
448 334 518 384 quae
543 318 578 370 ad
597 320 717 368 edictum
740 319 798 369 late
820 317 960 382 disputari
983 317 1121 381 solebant,

151 387 228 438 nullo
247 390 372 436 tractatu
390 387 482 436 habito
499 403 552 438 nec
569 387 624 437 ullo
644 391 755 436 auctore
774 385 886 436 laudato
904 386 948 434 ius
968 383 1119 434 dicentium

62 509 63 512 ,
150 455 198 506 vel
216 454 442 519 respondentium
460 456 576 504 maxime
596 459 624 504 et
642 453 826 510 iudicantium
843 455 871 502 in
889 467 967 502 usum
985 468 1121 518 propone-

152 527 223 572 rent.
260 522 339 584 Quod
359 531 451 571 autem
473 522 506 572 de
528 522 627 572 ordine
652 522 737 571 edicti
759 521 887 586 perpetui
912 521 983 583 dixi,
1006 521 1122 570 Paullus

152 605 217 640 eum
235 589 274 638 ita
292 587 402 638 videtur
421 594 533 640 secutus
553 605 624 652 esse,
643 594 674 638 ut
692 589 810 654 singulis
827 588 907 639 libris
927 587 1060 651 quasdam
1078 589 1122 636 in-

111 679 114 682 ‘¹
141 663 248 722 tegras
269 657 353 706 edicti
378 664 471 720 partes
491 658 731 722 complecteretur.
767 657 837 706 Nam
856 657 943 721 primo
967 649 1004 704 sel
1022 653 1123 723 πρῶτα

152 729 183 775 et
201 728 308 788 partem
327 723 360 772 de
379 723 499 786 iudiciis,
519 725 607 774 altero
626 729 733 790 partem
751 723 785 772 de
804 724 886 772 rebus
906 729 933 772 et
952 735 1020 785 eam,
1041 737 1121 786 quam

154 791 280 840 lulianus
308 793 507 856 interposuisse
534 791 636 853 fertur,
663 791 698 840 de
726 791 838 840 dotibus
865 798 892 840 et
921 790 1018 840 tutelis
1049 795 1122 851 (cum

154 861 269 909 actione
292 858 325 907 de
344 860 500 910 rationibus
518 859 706 910 distrahendis
724 865 752 908 et
770 859 803 908 de
823 860 904 908 furtis
925 859 1004 907 etde
1023 873 1123 922 opera·

150 942 214 976 vrum
232 925 419 992 obligatione,
439 942 493 991 qua
511 929 624 991 patroni
647 927 707 976 loco
726 925 868 990 legitimae
892 925 1055 975 libertarum
1080 931 1122 974 tu·

156 993 232 1043 telae
252 995 281 1042 in
298 993 429 1043 masculis
448 995 556 1044 libertis
578 995 633 1044 sibi
652 993 869 1059 prospiciebant)
889 997 1050 1057 persecutus
1070 999 1122 1044 est.
1165 1009 1166 1012 ¹

153 1062 267 1110 Tertius
294 1061 392 1110 deinde
418 1061 490 1110 liber
516 1062 595 1112 modo
621 1075 705 1112 unam
732 1061 780 1112 sed
811 1059 930 1124 amplam
957 1065 1062 1124 partem
1089 1060 1123 1110 de

153 1129 333 1178 testamentis
352 1134 381 1177 et
402 1128 504 1194 legatis
523 1130 694 1180 continuisse
713 1128 837 1188 videtur,
862 1127 989 1178 similiter
1009 1132 1124 1193 quartus

155 1198 310 1260 praemisso
321 1197 381 1245 iure
395 1196 680 1258 fideicommissorum,
692 1197 764 1260 quod
777 1196 812 1245 ad
824 1195 951 1244 intestati
963 1195 990 1245 b.
1004 1211 1030 1259 p.
1043 1197 1124 1258 quasi

124 1316 129 1328 ¹
154 1264 303 1314 transitum
322 1263 455 1322 faciebat,
468 1267 575 1328 partem
594 1265 627 1314 de
646 1265 775 1314 intestati
786 1264 813 1312 b.
827 1263 1057 1328 possessionibus,
1071 1277 1123 1325 quo

155 1331 279 1396 pertinet
298 1331 382 1380 etiam
400 1331 476 1381 locus
495 1331 529 1381 de
541 1332 802 1382 manumissionibus
815 1337 845 1380 ut
858 1330 1023 1394 gravissIma
1037 1344 1124 1380 causa

155 1400 290 1448 botrorum
317 1401 534 1462 possessionum,
567 1402 677 1462 quintus
710 1399 828 1462 denique
860 1403 1008 1449 extremam
1039 1397 1133 1446 edicti·

156 1471 280 1529 partem,
301 1481 371 1530 quae
391 1467 426 1516 ad
446 1471 557 1516 ceteras
575 1483 619 1517 res
638 1467 748 1531 imperii
770 1467 943 1530 pertinebat,
968 1469 996 1514 et
1017 1463 1124 1528 iudicia

155 1533 279 1598 publice,
299 1547 411 1597 quorum
429 1533 514 1598 leges,
536 1535 571 1584 ab
590 1535 773 1584 aliistantum
786 1531 960 1598 praetoribus
974 1533 1125 1596 exercitae,

155 1601 258 1649 dudum
278 1601 357 1666 quasi
375 1615 423 1664 pre
442 1604 604 1652 accessione
623 1603 758 1667 praetorii
775 1603 843 1651 iuris
861 1601 976 1650 habitae
995 1604 1085 1651 erant.

226 1684 329 1749 Scripti
347 1689 411 1734 sunt
429 1686 635 1738 Sententiarum
652 1687 718 1736 libri
736 1701 790 1735 non
809 1690 873 1736 aute
892 1685 1025 1736 Antonini
1039 1683 1125 1734 Cara-

156 1750 251 1801 callae
271 1757 412 1816 tempora;
432 1767 496 1802 nam
515 1757 543 1803 et
561 1757 595 1804 ab
615 1756 667 1804 hoc
686 1769 746 1804 cunr
765 1757 844 1819 patre
864 1769 889 1805 a.
908 1755 967 1804 206.
987 1754 1020 1802 de
1039 1752 1124 1802 dona-

155 1819 280 1870 tionibus
297 1821 371 1870 inter
388 1822 476 1870 virum
494 1827 522 1870 et
539 1834 651 1872 uxorem
670 1822 813 1872 constituti
832 1822 900 1870 iuris
920 1821 962 1883 (L.
976 1823 1018 1870 32.
1038 1821 1071 1868 D.
1091 1820 1125 1868 de

157 1888 220 1937 don.
241 1889 291 1936 int.
310 1889 362 1940 vir.
383 1893 411 1936 et
429 1903 472 1940 ux.
492 1891 539 1953 24,
560 1891 584 1951 i)
609 1892 776 1938 mentionem
801 1889 905 1937 habent
923 1891 955 1938 L.
975 1889 1016 1938 59.
1035 1888 1069 1938 D.
1088 1887 1125 1936 ib.

156 1961 188 2005 et
210 1955 238 2017 2,
258 1959 299 2006 23.
323 1953 350 2018 S.
369 1957 408 2017 5.,
433 1960 461 2005 et
486 1957 609 2006 eiusdem
632 1959 696 2021 imp.
720 1957 853 2006 Antonini
876 1971 936 2004 esse
960 1953 1069 2004 videtur
1091 1954 1125 2003 de

156 2023 339 2072 servitutibus
362 2025 527 2087 rescriptum
546 2023 599 2088 (L.
625 2027 649 2076 2.
672 2027 707 2077 D.
730 2039 824 2074 comm.
849 2024 942 2088 praed.
967 2023 995 2084 8,
1019 2021 1067 2084 4),
1091 2022 1126 2070 ad

157 2091 231 2154 ‹inod
249 2090 364 2140 Paullus
383 2091 431 2143 lib.
451 2095 474 2145 1,
494 2091 571 2144 dent.
594 2093 626 2142 L.
647 2095 670 2142 9.
691 2095 726 2143 D.
745 2093 778 2140 de
798 2106 868 2140 serv.
888 2107 928 2155 pr.
947 2093 1014 2139 rust.
1035 2089 1077 2152 (8,
1097 2089 1124 2154 3)

7 2197 9 2234 3
99 2207 102 2211 ,
158 2160 283 2224 respicit.
320 2159 423 2208 Sedet
445 2160 574 2224 rescripti
597 2161 629 2210 L.
650 2163 675 2210 3.
695 2158 725 2208 O.
749 2159 782 2208 de
805 2159 890 2222 legat.
911 2157 952 2220 (6,
971 2157 1030 2223 37),
1055 2157 1127 2222 quod

158 2232 222 2290 post
240 2227 344 2276 obitum
363 2226 459 2276 Severi
472 2226 627 2294 Caracalla>
643 2243 703 2276 curn
722 2227 809 2276 fratre
829 2227 900 2276 Geta
920 2239 944 2274 a.
959 2227 1021 2282 ⁸211.
1040 2225 1125 2288 dedit,

104 2337 106 2340 .
158 2295 286 2344 notitiam
305 2295 436 2344 habuisse
455 2293 511 2344 dici
529 2299 622 2360 potest
645 2295 695 2346 lib.
716 2298 739 2347 3.
760 2293 837 2346 Sent.
856 2296 880 2344 6.
899 2291 926 2356 3.
947 2293 986 2342 16.
1024 2291 1128 2342 Contra

157 2377 222 2412 eum
240 2365 265 2424 ὅ,
278 2363 326 2414 χ16,
347 2359 374 2425 3.
396 2364 435 2414 11.
454 2378 507 2412 non
531 2363 641 2414 novisse
660 2363 828 2414 Caracallus
852 2362 1029 2425 rescriptum,
1055 2361 1127 2422 quod
1219 2378 1224 2382 ’

159 2429 298 2494 Ulpianus
322 2430 353 2478 L.
373 2432 414 2480 33.
434 2428 462 2492 8.
481 2433 505 2482 2.
529 2432 563 2482 D.
583 2431 616 2480 de
639 2446 746 2496 procur.
765 2429 807 2492 (3,
827 2431 853 2494 3)
880 2428 998 2493 allegat,
1023 2443 1127 2478 renen

160 2496 309 2546 intellecta
328 2495 372 2559 (de
393 2512 447 2562 qua
465 2499 520 2547 vid.
542 2499 612 2548 Geib
631 2499 708 2548 Rem.
723 2498 932 2562 Criminalproc.
950 2513 976 2561 p.
990 2497 1039 2546 595
1057 2501 1126 2561 seq.)

161 2563 313 2628 Fittingius
332 2565 418 2614 ‘iiber
437 2565 461 2616 d.
480 2565 558 2614 Alter
577 2565 601 2614 d.
621 2565 696 2617 Schr.
717 2567 741 2614 tl.
761 2567 837 2618 Rom.
857 2566 928 2616 Jur.’
954 2580 980 2629 p.
999 2566 1041 2614 48.
1066 2565 1126 2614 sine

147 2643 248 2686 ,causa
268 2633 417 2686 contendit.
453 2633 589 2696 Equidem
609 2634 839 2696 existimaverim,
858 2637 907 2682 aut
926 2631 1055 2682 extremis
1075 2631 1128 2680 Oa-

162 2697 285 2748 racallae
304 2701 473 2764 temporibus
493 2705 541 2750 aut
564 2701 656 2765 paullo
679 2706 742 2766 post
764 2703 793 2750 in
817 2701 894 2750 exilii
916 2703 973 2750 otio
998 2699 1126 2748 Paullum

160 2765 211 2816 hos
231 2767 316 2816 libros
335 2769 531 2834 composuisse,
552 2785 612 2818 cum
631 2770 836 2834 praefecturam
850 2771 966 2833 adeptus
985 2767 1031 2818 vix
1048 2768 1128 2816 novis

160 2833 240 2883 libris
259 2837 466 2886 conscribendis
485 2837 639 2888 vacaverit.

230 2917 358 2970 Ceterum
379 2937 455 2979 eum,
476 2937 555 2986 quem
574 2936 658 2986 supra
677 2923 769 2985 posui,
789 2935 884 2970 verum
907 2921 998 2985 operis
1017 2918 1126 2968 titulum

161 2985 248 3036 fuisse
267 2989 396 3041 arbitror.
433 2990 600 3054 Disputatur
618 2987 727 3054 quidem
745 2989 861 3054 primum
884 2987 917 3037 de
939 2988 1127 3038 additamento

160 3053 214 3102 ‘ad
238 3055 348 3119 tilium',
372 3058 443 3120 quod
466 3062 571 3106 tantum
600 3057 628 3105 in
659 3057 820 3120 quibusdam
846 3057 931 3120 Legis
954 3057 1031 3108 Rom.
1055 3057 1126 3105 Visi-

160 3123 306 3184 gothorum
331 3125 472 3174 codicibus
495 3125 642 3179 invenitur,
680 3125 734 3174 Sed
757 3127 786 3173 in
809 3126 854 3173 his
877 3129 941 3174 sunt
964 3123 1015 3172 fide
1040 3123 1127 3186 digni,

161 3193 191 3236 et
210 3203 270 3238 cum
289 3191 374 3242 facile
394 3193 422 3242 id
440 3195 587 3244 brevitatis
607 3209 691 3244 cansa
710 3209 726 3242 a
745 3192 867 3242 librariis
880 3192 1019 3257 plerisque
1036 3191 1129 3239 omitti

162 3259 298 3320 potuerit,
323 3262 547 3323 quemadmodum
571 3261 605 3310 ab
629 3263 692 3311 aliis
717 3261 899 3322 adiiceretur,
924 3257 977 3307 nisi
1001 3259 1035 3306 ab
1066 3258 1129 3320 ipsa

162 3323 326 3375 authentica
349 3329 441 3378 Paulli
465 3332 603 3394 scriptura
626 3331 780 3393 profectum
798 3333 839 3376 ·et
862 3329 1057 3392 propagatum,
1080 3325 1130 3373 Vix

161 3392 290 3458 intellegi
307 3399 408 3459 potest.
434 3399 541 3447 Deinde
561 3397 593 3446 de
614 3413 646 3446 eo
660 3387 808 3466 quaeiitur‚
828 3397 898 3460 quod
918 3396 946 3442 in
965 3390 1129 3456 quibusdam

161 3461 300 3512 Breviarii
319 3463 473 3516 Alariciani
493 3465 633 3515 codicibus
657 3481 705 3530 pro
725 3464 875 3514 Sententiis
895 3460 1061 3524 simpliciter
1085 3459 1129 3507 di-

196 3579 319 3618 IVRISPR.
332 3581 429 3617 sanni.
445 3583 508 3617 ΗΕΒ.
533 3583 578 3616 ΕΙ).
594 3581 625 3615 11.
886 3550 925 3606 23
