2614 3960
355 201 458 238 ennon.
480 204 540 239 run.
559 203 623 238 nou.
643 202 734 238 verm.
753 189 794 239 88.
814 191 855 238 89.
1037 191 1085 238 651

185 342 236 402 88.
260 343 379 400 Iulianus
395 343 502 406 subicit,
519 343 630 399 Sextum
647 337 800 418 quoque¹⁴¹
824 343 1002 418 Pomponium
1024 345 1202 441 ’re-95.b.[18]
1294 425 1295 428 Ἴ

118 443 260 500 sponsum
275 421 408 496 referre,²
424 435 452 484 et
467 430 489 483 si
504 445 554 502 per
576 421 792 483 damnationem³
814 427 985 483 ususfructus
1008 417 1153 484 'cunr⁹⁶·b·

116 512 212 568 liberis
228 507 326 567 unori4
341 512 463 586 legetur,
481 508 663 586 ’(lepotum)⁵
683 512 822 584 singulare
838 515 891 568 hoc
914 529 983 575 esse,
1006 520 1085 585 atque

11 598 13 632 ³
116 597 182 653 ideo
198 595 248 652 iiiii
260 591 425 673 personam⁶
440 597 518 652 matri
533 589 703 658 'accedere⁷
719 613 769 651 nec
783 613 844 652 esse
859 597 1013 670 legatarios,
1030 596 1086 658 sed,

11 691 17 710 '
119 689 207 740 matre
222 690 342 743 mortua,
360 680 459 737 liberos
481 683 558 754 quasi
581 679 694 737 heredes
716 680 914 737 usumfructum
935 681 1083 737 habituros.

11 771 13 780 “
120 763 226 838 ‘Ego',
243 767 331 837 inquit
346 763 520 840 Pomponius,
537 763 664 839 ‘quaero
682 765 761 837 quid,
778 767 800 820 si
815 767 890 820 minti
905 765 1006 821 fuerint
1021 765 1085 822 iibe-

119 851 159 904 ris
176 851 297 905 extranei
312 849 426 905 heredes
439 849 468 904 f'
492 843 584 922 ’(Ει)8
600 851 651 912 ait,
674 857 701 904 et
714 847 794 904 iiiios
815 867 865 924 pro
881 850 1018 924 legatariis
1040 852 1085 905 ha·

119 933 236 997 hundos,
253 941 280 988 et
295 935 395 988 mortui
416 941 519 1007 partem
539 935 722 990 interituram:
753 934 907 990 Aristonem
928 943 1018 990 autem
1042 935 1085 990 ad·

125 1026 230 1080 notare,
248 1017 314 1073 haec
329 1034 393 1073 uera
406 1035 476 1074 esse.
508 1026 536 1073 et
550 1027 614 1074 sunt
630 1034 703 1072 uera.

185 1099 236 1159 88.
260 1095 340 1172 ⁹Ulp.
358 1101 390 1156 ad
413 1101 539 1158 Sabinum
552 1102 598 1157 iih.
619 1094 759 1157 ’XVil.¹⁵⁰
784 1101 821 1156 De
847 1102 894 1157 illo
918 1103 1084 1175 Pomponius

119 1185 239 1249 dubitat,
261 1188 284 1240 si
300 1186 446 1260 fugitiuus,
462 1188 490 1240 in
506 1203 560 1260 quo
576 1185 750 1242 ususfructus
762 1201 837 1240 meus
854 1194 909 1247 est,
935 1186 1086 1259 stipuletur

122 1271 238 1344 aliquid,
261 1270 306 1326 uel
327 1264 494 1344 ’mancipio¹
521 1271 646 1344 accipiat,
668 1285 702 1324 an
727 1285 777 1342 per
801 1269 855 1325 hoc
880 1271 982 1343 ipsum,
1010 1273 1085 1342 quasi

123 1363 192 1419 utar,
209 1357 339 1412 retineam
356 1355 564 1411 usumfructum.
593 1355 735 1428 magisque
746 1353 871 1415 admittit,
888 1356 1008 1410 retineri.
1026 1372 1085 1410 nam

122 1455 204 1514 saepe
219 1441 323 1496 etiamsi
337 1439 526 1513 praesentibus
545 1441 633 1494 seruis
654 1454 709 1494 non
736 1447 855 1502 utamur,
883 1445 973 1495 tamen
994 1455 1085 1494 usuru-

16 1589 22 1598 .
121 1523 240 1578 fructum
255 1525 411 1587 retinemus,
428 1532 459 1579 ut
474 1532 539 1597 puta
554 1531 714 1598 aegrotante
729 1539 825 1586 seruo,
847 1517 944 1596 ’(uel)²
973 1523 1084 1588 infante,

123 1610 201 1666 cuius
217 1624 314 1681 operae
329 1609 418 1664 nullae
433 1616 507 1670 sunt,
524 1609 568 1664 uel
591 1607 711 1664 defectae
727 1609 874 1664 senectutis
884 1609 1002 1682 immine.
1025 1625 1085 1664 uam

11 1691 14 1716 f
124 1693 190 1747 etsi
213 1708 308 1766 agrum
324 1709 438 1756 aremus,
454 1693 519 1749 licet
540 1701 593 1748 tam
615 1693 714 1749 sterilis
730 1694 779 1755 sit,
807 1700 838 1748 ut
862 1693 953 1750 nulius
981 1692 1085 1748 fructus

121 1775 255 1841 nascatur,
272 1778 420 1834 retinemus
436 1771 680 1833 ’usumfructum.³
701 1777 819 1834 lulianus
834 1777 1083 1833 tameniib.XXXV.

122 1860 181 1934 mg.
199 1860 300 1922 scribit,
317 1863 489 1918 etiamsinon
505 1862 652 1937 stipuletur
673 1863 740 1935 quid
752 1879 849 1918 seruus
866 1861 999 1934 fugitiuus
1015 1863 1086 1916 intra

123 1959 236 2006 annum,
263 1947 430 2017 mancipioue
455 1947 580 2020 accipiat,
615 1955 704 2003 tamen
735 1947 846 2002 retineri
877 1945 1084 2000 usumfructum.

125 2023 198 2082 ‘nam
220 2043 271 2100 qua
292 2027 422 2090 ratione’,
443 2031 540 2103 inquit,
562 2029 715 2087 ‘retinetur
736 2046 750 2084 a
775 2030 949 2102 proprietatis
976 2028 1085 2084 domino

126 2256 169 2322 141)
189 2268 218 2316 et,
238 2260 364 2324 quoditie
381 2261 457 2310 nebel
478 2260 547 2317 Van,
567 2263 637 2313 omis.
657 2261 750 2311 Holtw.
771 2267 795 2310 et
814 2259 917 2316 Momm,
937 2276 983 2324 epo
1000 2267 1086 2310 trans·

124 2328 170 2376 tuli
186 2334 245 2376 ante
264 2328 285 2376 si
302 2343 344 2392 per
362 2329 545 2381 damnationem.
569 2327 610 2390 Os.
629 2329 661 2376 L.
675 2338 695 2378 8.
715 2328 748 2377 Β.
767 2329 799 2377 de
817 2327 899 2389 usufr.
918 2344 988 2382 acer,
1008 2327 1041 2389 (t,
1055 2328 1085 2390 2).

122 2392 143 2455 ²)
163 2397 284 2458 praeferre
306 2395 366 2447 Vat.
386 2397 445 2446 edd.
465 2395 565 2459 (referre
585 2393 688 2461 Mones.)
725 2394 779 2445 Sed
795 2395 948 2445 nondubito
966 2397 1087 2460 seriptum

120 2461 216 2524 fuisse:
235 2464 344 2512 nreierro
362 2465 378 2512 ι’.
392 2480 414 2512 e.
434 2478 572 2527 responsum
592 2465 689 2520 referre,
706 2465 749 2512 cui
760 2463 852 2512 deinde
864 2463 1000 2527 Pomponii
1011 2480 1086 2528 quoe-

125 2530 229 2578 stionem
247 2530 316 2590 (Ego,
336 2531 412 2594 inquit
423 2532 503 2594 Pomp.
521 2529 619 2594 quaero)
637 2530 772 2594 subiunpit.
797 2531 838 2580 De
851 2528 934 2581 Sento
947 2531 1085 2595 Pomponio

127 2611 275 2658 responsum
292 2599 363 2661 apud
373 2599 500 2648 Iulianum
517 2601 557 2648 nel
572 2599 722 2648 sententium
739 2597 871 2648 Aristonis
888 2599 1018 2661 referente
1036 2601 1085 2648 vid.

127 2663 157 2712 L.
177 2672 209 2714 os.
230 2663 257 2727 s.
276 2673 296 2712 o.
316 2665 349 2717 D.
366 2681 416 2728 pro
433 2681 486 2716 soe.
506 2665 549 2729 (u,
568 2665 601 2728 a).
627 2666 660 2714 L.
681 2675 763 2729 repr.
782 2664 829 2728 33.
848 2675 867 2718 r.
887 2675 906 2714 2.
924 2667 957 2716 D.
977 2669 1008 2716 de
1027 2668 1085 2716 don.

126 2727 167 2792 (39,
187 2728 217 2793 5).
257 2730 316 2782 Vid.
335 2737 411 2782 etiam
430 2735 486 2786 Gai.
504 2743 525 2788 2,
543 2742 589 2784 218.
626 2734 659 2784 L.
678 2741 703 2782 14
718 2749 760 2796 pr.
780 2734 812 2784 Ι).
830 2736 876 2782 ool.
895 2740 969 2782 armtr.
991 2731 1034 2795 (tt,
1053 2733 1083 2794 3).

125 2798 220 2862 Fittt'np
236 2799 300 2848 ather
317 2801 342 2849 d.
362 2801 437 2850 Alter
455 2804 481 2851 d.
497 2799 575 2853 Solen.
595 2803 620 2854 d.
639 2801 709 2850 Rom.
726 2801 784 2854 dur.
801 2816 829 2863 p.
848 2809 868 2848 9.
963 2797 985 2862 8)
1006 2797 1087 2858 Quan—
1173 2843 1180 2854 ,

125 2881 196 2932 quam
212 2866 249 2916 ibi
262 2875 354 2930 partes
373 2868 405 2916 ab
422 2870 494 2919 initio
508 2869 569 2932 fieri
585 2871 669 2918 solent
686 2875 714 2918 et
730 2869 769 2916 ius
787 2867 952 2915 accrescendi
969 2881 1025 2916 esse
1043 2883 1085 2916 ne·

123 2941 207 2998 putor.
282 2934 304 2998 ⁴)
323 2935 368 2986 Ita
386 2938 460 2986 etiarn
478 2936 568 2986 Monte.
588 2938 628 2989 ed.
666 2943 688 2984 et
706 2934 767 2998 (pro
786 2933 817 2995 α’)
838 2934 919 2982 liberis
937 2935 1003 2983 unori
1026 2935 1086 2983 Vat.

126 3003 189 3052 uxori
208 3009 230 3050 et
249 3005 331 3054 tiberis
350 3005 391 3053 ed.
411 3004 503 3054 Hollw.
540 3003 595 3053 Sed
610 3004 660 3054 oid.
681 3001 709 3066 3.
728 3010 760 3050 86,
829 2998 850 3063 ⁵)
870 3000 997 3065 Suppfeoi.
1028 3002 1086 3051 Em·

125 3070 185 3117 cidit
204 3070 234 3118 ob
258 3073 412 3122 antecedens
429 3074 531 3133 tegetum
555 3074 663 3136 lepatum
680 3072 810 3134 singulare
827 3075 866 3118 est
882 3070 927 3117 uni
946 3085 1085 3133 personae,

126 3150 174 3184 non
189 3139 304 3198 pluribus
322 3140 416 3188 dutum.
469 3139 491 3203 θ)
513 3140 569 3190 Hoc
581 3153 679 3204 quoque
691 3137 792 3201 probat,
811 3150 960 3200 responsum
976 3137 1087 3198 referri:

127 3201 159 3263 cf.
178 3212 229 3252 not.
249 3214 294 3257 tta.
381 3207 401 3269 ⁷)
421 3208 547 3257 accederet
568 3207 629 3256 Vel.
665 3206 801 3262 accedere,
821 3219 852 3252 ne
864 3206 925 3256 ,sine
942 3204 1030 3254 liberis
1053 3206 1089 3252 ud

126 3271 301 3332 usumfructum
318 3281 400 3324 mater
421 3276 547 3324 accederat
570 3277 612 3324 ed.
632 3273 722 3324 Mones.
762 3273 819 3322 Non
836 3271 928 3334 probo.
1002 3270 1022 3330 Β)
1041 3271 1088 3319 Est*

127 3336 183 3400 Dip.
200 3341 324 3402 supplevi.
377 3340 398 3404 υ)
418 3342 467 3392 Est
484 3343 517 3392 L.
531 3351 564 3391 tt.
582 3340 609 3404 3.
624 3351 644 3391 a.
663 3343 696 3390 D.
716 3342 747 3390 de
759 3339 841 3400 usufr.
855 3337 886 3398 (t,
900 3339 931 3400 t).
980 3335 1022 3399 ¹⁵⁰)
1042 3337 1088 3386 En

128 3403 184 3467 Dip.
219 3406 276 3456 xvi.
304 3407 365 3458 Vnt.
388 3410 428 3460 ed,
447 3409 542 3461 Hollw.
648 3407 668 3470 ¹)
687 3407 831 3470 mancipium
854 3405 914 3455 Vnt.
933 3406 973 3454 ecl.
992 3404 1086 3454 Hoitw.

127 3471 147 3536 2)
165 3469 211 3524 Erc
228 3474 287 3538 Dfp.
306 3477 391 3540 suppl.
460 3475 482 3541 ⁸)
501 3477 560 3541 Dip.
597 3491 649 3526 eum
671 3475 731 3528 Vnt.
750 3490 785 3524 ee
803 3479 864 3523 nota
883 3489 933 3523 non
950 3474 1088 3526 intellecto.
