2590 4286
181 99 231 150 706
364 116 368 124 ·
398 112 502 152 resen.
522 113 577 149 1vn.
598 113 663 150 eoa.
682 113 775 152 vome.
793 101 851 150 291.
871 103 929 152 292.

181 260 260 312 ciunt
275 261 378 328 partes
398 247 526 314 omnium
540 258 697 312 liberorum
718 257 867 328 aequales,
884 253 1087 330 quod'sibi13⁹
1116 277 1155 316 ex

181 342 263 416 petris
286 339 367 394 rebus
387 340 445 395 iure
466 342 631 398 donationis
648 335 854 398 uindicant¹⁴⁰
891 344 958 400 Noti
982 349 1069 418 ipitar
1089 361 1157 402 me-

182 435 263 484 tuere
288 417 445 496 'fratruml
469 433 578 480 tuorum
609 426 836 498 inquietudinem,
863 429 887 484 si
907 445 961 503 que
985 431 1099 488 donatio
1131 449 1154 487 a

179 519 266 586 patre
290 517 337 566 tao
352 513 382 566 in
399 517 425 569 te
442 513 547 568 coliata
563 515 667 582 aequet
678 515 849 582 portionem,
871 513 1003 588 quaesibi
1019 530 1052 568 ex
1066 513 1153 570 bonis

180 598 263 671 petris
294 595 330 652 ab
351 598 484 652 intestato
506 596 638 665 debetur,
663 609 782 668 eamque
802 601 935 666 indiam
964 603 1153 657 nouissimum

181 682 307 748 uoluntas
321 696 500 754 perseuerans
517 683 664 737 adinstar
678 685 776 736 mortis
792 697 883 738 causa
895 685 1152 741 donationisrede-

179 772 229 841 pit,
246 765 289 821 uel
305 765 384 819 etiem
399 762 475 820 iiindi
491 781 523 822 ex
537 765 652 838 pecunia
667 780 681 818 e
696 773 773 838 patre
789 767 841 822 tibi
854 769 962 825 donata
984 773 1154 841 comparati

179 852 322 923 possessio
341 851 453 922 pridem
476 847 524 907 tihi
545 849 654 911 tradite,
675 865 706 904 ec
725 851 899 922 postmodum
925 861 1067 910 reuocata
1087 871 1152 912 non

181 943 234 992 est.
267 933 357 990 Tuam
371 937 459 1007 ipitar
474 936 551 1006 qaod
565 951 604 992 ea
619 937 771 992 donatione
788 929 940 1008 competit²
961 937 1031 994 lacte
1051 953 1150 994 nume-

180 1037 250 1082 riis,
266 1017 339 1093 quod
354 1034 438 1092 penes
449 1027 566 1090 patrem
581 1023 733 1090 remansit,
758 1021 982 1093 cumfratribus
997 1039 1037 1080 eac
1052 1039 1152 1096 aequo

180 1107 284 1162 diuide.
312 1103 367 1160 liet.
384 1103 426 1159 lll.
444 1104 495 1160 kal.
513 1103 571 1160 Oct.
604 1105 709 1159 Verane
725 1147 859 1160 ......

243 1185 310 1247 291.
326 1181 357 1242 ³.
376 1230 382 1244 .
402 1231 408 1243 .
427 1231 433 1244 .
454 1191 479 1244 A
490 1199 578 1261 patre
594 1205 692 1246 reram
707 1190 885 1248 donationem
906 1193 933 1246 in
955 1199 981 1246 te
1002 1191 1149 1255 conlatam,

179 1276 243 1332 licet
258 1277 285 1330 in
299 1280 436 1347 potestate
448 1274 546 1345 fueris
561 1277 742 1344 constitutae,
759 1278 788 1330 si
797 1283 891 1332 tamen
906 1279 937 1332 in
957 1279 1028 1332 diem
1049 1281 1151 1332 nouis·

180 1362 277 1416 simum
293 1360 363 1415 uitae
375 1357 501 1426 uoluntas
518 1365 580 1418 eius
594 1362 726 1428 daraait,
756 1378 814 1417 non
834 1363 901 1416 licet
919 1360 1067 1431 fratribus
1088 1365 1151 1418 tuis

178 1451 355 1518 impupnere:
377 1443 449 1508 ’sed
461 1453 491 1500 tu
512 1439 731 1516 eorum‚4‚quee
756 1445 923 1519 praetulisti,
952 1447 1037 1518 pidem
1062 1449 1151 1504 iustis

176 1527 396 1602 probationibus
414 1529 544 1601 faciens,
569 1546 606 1585 ne
628 1530 697 1603 qaid
715 1526 761 1584 fiat
787 1537 882 1586 contre
904 1530 1070 1586 uoluntatem
1098 1530 1149 1586 de-

180 1615 274 1676 functi,
291 1614 428 1672 obtinebis
436 1616 479 1689 ‘ab
495 1631 536 1685 eo,
554 1631 636 1687 quem
653 1626 777 1684 praeses
790 1618 962 1685 prouinciae
978 1616 1150 1672 hereditatis

181 1701 319 1756 arbitrum
335 1699 461 1755 diuisioni
484 1697 569 1754 debit:
586 1701 631 1772 qui
647 1698 673 1752 in
689 1703 832 1756 sententia
845 1701 1149 1758 dicendanocsciiicet

180 1787 310 1856 inprimis
330 1791 461 1854 spectare
481 1782 596 1854 debebit,
620 1793 650 1840 ut
670 1781 719 1838 tibi
739 1785 807 1840 istae
827 1801 871 1840 res
890 1789 1073 1858 praecipuae
1094 1789 1145 1842 ad-

179 1873 351 1938 iudiceatar‚
369 1877 396 1924 et
409 1875 567 1939 praeterea
578 1871 677 1940 portio
694 1884 725 1923 ex
740 1867 847 1942 legibus
860 1868 1035 1927 ebintesteto
1051 1871 1145 1932 debita

180 1971 218 2011 ea
244 1957 331 2010 relius
354 1953 537 2010 hereditariis
563 1959 675 2026 intepra
695 1959 845 2025 *seruaturi
887 1954 937 2009 ΡΡ.
960 1955 991 2010 V.
1013 1955 1064 2010 knl.
1087 1955 1143 2018 len.

180 2039 304 2096 'lreueris
322 2079 451 2092 ......
469 2033 524 2093 ⁵11.
541 2055 632 2094 censs.

89 2106 169 2184 Dss'ih'
241 2119 310 2180 292.
334 2115 443 2178 ⁶....
473 2123 589 2180 Dorcatio
622 2123 730 2197 quidem
753 2139 768 2178 a
788 2130 868 2196 petre.
886 2122 1146 2197 infiliumfamiiias

89 2192 170 2230 mm
180 2213 287 2266 coliata
302 2210 365 2278 ipso
377 2209 441 2263 iare
456 2225 512 2267 noa
528 2211 622 2271 ualet:
644 2211 696 2264 sed
708 2209 731 2262 si
746 2209 773 2262 in
790 2206 882 2262 eadem
904 2209 1045 2264 uoluntate
1066 2217 1145 2282 peter

174 2295 382 2366 perseuerauit
409 2296 549 2366 usquein
575 2297 648 2350 diem
668 2297 746 2349 uitae
771 2286 984 2356 nouissimam.⁷
1005 2293 1142 2358 uolentes,

180 2395 258 2452 (luem
273 2378 301 2432 in
317 2381 472 2434 extremum
487 2393 577 2452 usqate
598 2395 656 2434 non
670 2381 804 2439 mutauit,
829 2380 1015 2444 custodiendo
1037 2385 1092 2448 est,
1111 2386 1143 2436 ut

57 2467 169 2526 [tomen.
183 2470 209 2518 et
222 2461 325 2534 portia,
343 2477 410 2535 quoe
426 2462 457 2517 ab
472 2464 601 2519 intestato
618 2462 740 2526 debetur,
758 2455 762 2537 )
779 2461 893 2518 inliliatn
908 2471 1044 2520 seruetur.
1067 2463 1143 2518 luite

180 2563 247 2620 quae
275 2545 316 2602 edi
343 2555 524 2628 correctorem
547 2547 634 2602 uirum
655 2547 845 2608 clarissimum,
870 2549 983 2621 amioum
1009 2555 1141 2612 nostrum,

179 2639 206 2686 et
222 2648 261 2694 ee,
279 2648 346 2704 quoe
361 2632 389 2687 in
404 2649 511 2706 precem
527 2631 679 2694 contulisti,
696 2631 805 2706 adlego:
828 2633 874 2706 qui
894 2633 921 2687 in
942 2633 1142 2690 examinationi·

179 2766 382 2774 m———Q

179 2831 221 2896 138)
243 2834 294 2883 *ibi
318 2835 350 2885 V.
387 2833 429 2882 tibi
447 2833 489 2883 ed.
508 2833 603 2882 Holiw.
680 2829 723 2895 1⁴⁰)
743 2833 899 2882 Postremum
916 2834 1066 2882 sententiam
1084 2834 1143 2882 inde

178 2902 294 2952 acerbis
313 2901 429 2950 ‘etianui
444 2900 487 2948 id'
506 2917 572 2950 nanc
588 2903 674 2964 paullo
693 2902 769 2950 aliter
792 2916 864 2964 qaam
880 2901 1013 2964 inpriore
1031 2902 1151 2950 editione·

175 2965 292 3032 forruaoi.
381 2966 401 3029 ¹)
423 2963 475 3021 Vd.
505 2984 543 3017 res
566 2969 626 3018 Vct.
716 2967 737 3029 ²)
757 2967 858 3017 Iieoel
893 2975 926 3017 tat
947 2969 1005 3018 Vei.
1041 2971 1068 3019 tii
1091 2966 1139 3016 Vd.

177 3036 198 3098 ³)
218 3037 333 3088 Restitai.
371 3035 410 3097 Os.
430 3035 461 3086 L.
482 3045 506 3086 18
521 3053 564 3100 pr.
585 3037 611 3088 0.
628 3037 690 3099 sam.
709 3051 760 3086 erc.
782 3035 816 3099 (3,
836 3034 881 3099 36).
905 3034 932 3099 S.
952 3045 997 3086 290.
1066 3035 1088 3100 ⁴)
1107 3035 1142 3085 In

182 3105 214 3158 V.
229 3105 312 3169 facerit
334 3108 471 3154 s'tumorum
491 3106 577 3168 prima
599 3119 622 3152 m
640 3110 757 3154 correcto
780 3105 806 3153 ia
829 3121 841 3153 e
862 3105 1049 3168 superscripta.
1087 3119 1141 3154 nent

179 3207 252 3273 (pato
269 3204 391 3270 notatum)
405 3222 487 3258 eornm
504 3205 563 3254 Vat.
588 3208 634 3255 istu
647 3179 737 3256 inferum
755 3205 804 3255 Vd.
874 3203 896 3270 ⁵)
916 3205 1069 3256 ‘Ualeriano
1082 3205 1139 3255 III.

178 3285 202 3326 et
222 3275 346 3328 Gallieuo'
365 3279 493 3340 suppleuit
510 3272 617 3331 eacan,
635 3281 663 3322 ut
678 3275 761 3336 faerit
777 3291 802 3326 a.
814 3283 860 3323 255.
891 3271 945 3324 Sed
959 3275 1068 3338 spatium
1080 3273 1143 3324 daeo

178 3360 227 3395 non
250 3347 363 3408 explent.
466 3341 487 3406 6)
511 3341 560 3390 Est
582 3342 739 3391 Diocletiani
759 3350 784 3391 et
806 3342 962 3392 Maaimiani
984 3342 1029 3403 (cf.
1049 3339 1077 3403 3.
1096 3342 1139 3402 23).

177 3413 333 3462 Sententiam
345 3412 454 3461 restitut,
480 3410 519 3473 Of.
533 3407 583 3473 88.
596 3419 641 3460 eeo.
655 3419 701 3472 eet.
758 3409 780 3474 7)
794 3409 839 3458 Ita
855 3410 915 3459 Vct.
944 3411 1073 3460 nouissima
1090 3411 1117 3458 V
1118 3407 1140 3460 (ἰ.
