2634 3966
446 211 450 220 .
522 189 587 246 uara
604 189 708 224 russin.
728 177 756 226 ii.
776 176 886 226 66-70.

286 328 335 389 66.
360 331 523 388 Nectamen
545 348 576 386 ea
596 339 716 396 tantum,
738 348 806 404 quae
827 330 972 388 traditione
993 339 1086 386 nostra
1109 329 1186 394 fiunt,
1270 405 1273 408 Ι
1297 323 1299 388 ἓ

223 417 337 474 naturali
351 415 428 473 nobis
444 417 549 471 ratione
571 416 758 489 adquiruntur,
773 415 824 472 sed
839 417 917 474 otiam
933 431 1009 488 quoe
1031 405 1187 488 o'ocupando
1295 413 1299 424 ’

223 501 284 558 ideo
300 508 396 558 nostro
409 501 571 572 fecerimus,
588 503 654 574 quio
670 508 747 556 antea
762 500 862 555 nuliius
885 506 991 562 essent,
1014 499 1103 572 qualia
1124 507 1189 554 sunt

224 587 320 648 omnia,
337 602 406 658 quae
422 593 506 647 terra,
528 586 607 646 mari,
630 585 707 642 coelo
729 587 880 658 capiuntur.
929 579 975 640 67.
999 583 1092 656 ltaque
1107 585 1130 638 si
1143 584 1189 656 fe·

89 717 115 746 3„
224 687 280 725 ram
294 669 407 725 bestiam
424 678 469 725 aut
484 668 623 725 uolucrem
640 677 686 724 aut
700 671 800 742 piscem
817 663 984 741 reperimur,
1002 672 1188 742 simulatque

88 764 102 824 ’.ᾗ
225 762 331 826 captum
353 756 406 809 doc
425 757 534 810 animat
550 761 605 823 eat,
626 759 767 825 protimus
775 747 801 786 ⁴⁶
816 760 945 810 nostrum
958 757 1005 826 fit,
1024 761 1050 808 et
1066 769 1189 827 eousque

95 834 97 838 ’
117 835 127 842 ”
175 847 215 896 70.
225 847 346 894 nostrum
360 855 423 893 esse
437 838 622 914 intellegitur,
641 835 645 915 i
662 837 750 895 donec
766 843 861 894 nostra
875 837 999 894 custodia
1015 845 1187 910 coerceatnr;

185 983 186 986 Ἴ
224 940 285 978 cum
301 939 367 978 uero
384 922 532 978 custodiam
550 923 669 978 austrum
691 923 808 979 euaserit
830 930 858 976 et
873 924 901 977 in
916 922 1065 978 naturalem
1080 921 1190 977 libertae

187 1007 188 1010 ’
225 1015 278 1062 torn
299 1024 329 1062 se
350 1008 495 1080 receperit,
523 1024 618 1062 rursus
640 1008 795 1080 occupantis
822 1005 865 1080 iit,
893 1008 955 1080 qnia
982 1012 1108 1062 nostram
1129 1022 1190 1062 esse

204 1138 215 1148 .,
225 1084 379 1147 'alesiuit⁸*:
393 1091 540 1148 naturalem
554 1099 643 1148 autem
655 1091 805 1147 libertatem
816 1093 936 1165 recipere
948 1091 1132 1154 uidetur,curn
1144 1099 1192 1146 aut

226 1175 319 1231 oeulos
335 1183 445 1233 nostros
461 1177 592 1239 euaserit,
614 1183 660 1236 aut
675 1176 738 1231 licet
760 1179 789 1231 in
804 1183 952 1248 conspectu
967 1176 1003 1232 sit
1018 1183 1123 1236 nostro,
1140 1174 1192 1229 dis·

164 1325 165 1328 *
211 1259 301 1316 ,facilis
317 1268 406 1315 tamen
429 1262 490 1315 cios
511 1251 698 1333 ’persecutio⁷
714 1262 758 1316 sit.
805 1257 853 1318 68.
878 1260 907 1315 In
928 1261 960 1314 iis
982 1267 1070 1317 autem
1093 1259 1192 1314 anima·

87 1331 92 1342 ’
225 1341 309 1406 libus,
333 1361 400 1418 quae
421 1361 454 1400 en
475 1344 672 1402 consuetudine
688 1345 759 1400 abire
776 1353 803 1399 et
817 1343 908 1400 redire
929 1345 1028 1405 solent,
1045 1343 1131 1399 ueluti
1145 1358 1193 1398 oo·

226 1428 322 1484 lumbis
345 1439 372 1484 et
399 1428 507 1502 apibus,
535 1431 600 1483 item
621 1431 723 1491 cernis,
752 1430 845 1502 quiin
872 1429 953 1483 siluas
983 1431 1021 1484 ire
1048 1435 1075 1483 et
1101 1427 1192 1484 redire

89 1511 94 1526 ²
120 1511 144 1558 ’Ἴ
171 1523 172 1526 ’
226 1513 329 1575 soient,
352 1513 432 1568 talem
447 1513 575 1569 hahemus
591 1513 712 1586 reguiam
729 1513 863 1577 traditam,
881 1521 910 1568 ut
925 1515 948 1568 si
963 1511 1119 1568 reuertendi
1135 1513 1194 1566 ani·

226 1613 298 1651 mum
314 1596 413 1652 habore
429 1597 568 1659 desierint,
586 1599 663 1653 etiam
680 1605 773 1654 nostra
789 1614 849 1652 esse
871 1597 994 1654 desinant
1016 1605 1044 1652 et
1065 1595 1131 1652 fiant
1146 1613 1192 1652 oc-

165 1739 174 1746 ,
226 1682 395 1752 cupantium:
416 1681 572 1736 reuertendi
593 1689 682 1736 autem
704 1683 820 1740 animum
841 1681 970 1736 uidentur
996 1680 1119 1736 desinere
1146 1682 1193 1736 ha·

100 1765 102 1770 '
129 1775 130 1778 ’
186 1816 188 1818 .
226 1765 304 1826 here,
332 1781 391 1820 cunr
418 1765 572 1820 reuertendi
599 1766 824 1823 consuetudinem
845 1765 1024 1821 deseruerint.
1076 1760 1125 1821 69.
1156 1763 1205 1820 Ea·

96 1913 97 1916 Ἴ
228 1865 350 1922 quoque,
375 1866 443 1922 quae
459 1866 491 1904 ex
513 1849 636 1905 hostibus
658 1853 814 1923 capiuntur,
836 1851 951 1905 naturali
972 1851 1076 1904 ratione
1098 1858 1194 1905 nostra

93 1933 94 1936 ’
148 1991 154 2006 Ἴ,
227 1933 305 1988 fiunt.

147 2011 149 2013 ’
290 2013 337 2073 70.
365 2017 417 2074 Sed
433 2028 460 2075 et
475 2018 511 2081 id,
528 2019 601 2091 qnod
611 2021 665 2093 'per
681 2019 844 2075 allunionem
861 2019 939 2076 nohis
956 2019 1077 2082 adicitur,
1095 2019 1192 2074 eodem

142 2097 149 2136 7
169 2155 175 2160 .,
226 2105 285 2158 iure
308 2111 432 2158 nostram
448 2101 493 2157 in:
508 2119 558 2176 per
572 2102 737 2160 alluuionem
753 2112 842 2160 autem
858 2106 888 2160 ic
901 2105 1010 2160 uidetur
1025 2104 1101 2165 adici,
1118 2104 1194 2176 quod

143 2227 144 2230 ,
226 2189 263 2242 ita
278 2186 405 2260 paulatim
420 2187 520 2243 flumen
536 2205 601 2262 agro
617 2196 713 2244 nostro
730 2190 827 2252 adicit,
850 2198 880 2243 ut
901 2183 1042 2245 aestimare
1058 2205 1113 2244 non
1128 2204 1194 2260 pos·

227 2272 318 2334 simus,
336 2279 465 2345 quantum
481 2288 593 2345 quoquo
606 2280 743 2328 momento
756 2275 885 2346 temporis
898 2273 1039 2329 adiciatur:
1056 2271 1066 2344 (
1084 2265 1123 2342 ti⁸
1139 2273 1194 2326 hoc

268 2405 279 2414 ,-
287 2406 299 2409 ..
310 2397 430 2412 -.affl-...-

227 2486 316 2520 errore
328 2487 373 2520 siro
386 2473 494 2536 cognito,
505 2471 568 2533 fecit
580 2472 621 2522 ed.
633 2481 652 2518 5.
689 2467 721 2534 ⁴⁶)
736 2471 798 2520 Feci
809 2473 889 2522 ‘Gai’
898 2489 929 2536 p.
944 2481 977 2522 31.
1002 2473 1068 2524 ‘iere
1079 2471 1193 2534 pentima

226 2539 266 2596 id,
285 2541 405 2606 quoditie
423 2547 515 2602 captum
531 2539 624 2600 fuerit,
642 2540 742 2586 rtatim'
761 2541 801 2588 ed.
820 2538 869 2602 Bp.
887 2540 1027 2604 ‘quidquid
1045 2540 1083 2587 ito
1100 2545 1194 2601 captum

223 2607 318 2668 fuerit,
338 2608 464 2656 continno'
483 2608 524 2658 ed.
538 2605 587 2669 Bp.
601 2615 621 2656 5.
641 2613 771 2669 nitrumque
790 2609 911 2669 neglectis
924 2607 1015 2656 Scded.
1036 2606 1151 2654 ductibus
1169 2605 1196 2654 et

223 2676 299 2737 prius
311 2676 385 2722 eticae
398 2689 446 2738 ope
458 2674 638 2722 commentitiae
650 2675 729 2736 siplae
743 2675 758 2720 i.
772 2682 835 2734 gent.
859 2676 898 2724 De
911 2692 932 2724 o.
946 2675 1052 2738 protinus
1066 2672 1100 2735 cf.
1113 2683 1133 2730 2,
1149 2680 1194 2724 153.

226 2752 246 2798 4,
263 2751 305 2791 185.
353 2739 393 2804 fi⁴²)
406 2743 494 2791 desinit
506 2740 536 2789 0.
550 2741 606 2790 edd.
622 2741 696 2789 etiam
708 2756 763 2790 meo
773 2743 859 2804 prior,
907 2742 928 2805 ⁷)
942 2744 975 2791 rei
989 2743 1097 2806 psecutio
1111 2739 1139 2789 0.
1160 2741 1195 2789 rei

227 2811 361 2873 persecutio
374 2809 443 2870 edd,
456 2808 499 2858 uit
510 2810 543 2857 rei
558 2804 621 2870 (dee.
635 2810 697 2856 merle
709 2815 826 2858 motatum
838 2811 864 2859 io
874 2817 952 2873 parte
966 2816 1060 2858 tontum
1073 2815 1098 2858 et
1107 2815 1197 2872 ¹poste-

227 2878 408 2940 riorc‘quidem
417 2877 539 2939 apoduein
548 2874 692 2936 subiectum)
700 2882 739 2924 est
747 2877 915 2928 intolerabile.
929 2877 983 2927 Sed
992 2877 1113 2926 librarius
1124 2877 1195 2925 initio

227 2945 341 2993 scribere
353 2945 430 2993 uoluit
442 2945 583 3006 reciperatio
596 2942 633 3003 (ut
645 2944 671 2991 ia
680 2946 725 3006 fia.
739 2942 765 3006 8.
780 2952 812 2992 ts.
844 2946 958 2994 desierint
969 2945 1104 2994 scribendo
1117 2945 1196 2992 desic·

228 3011 342 3072 ruerint),
356 3027 420 3074 quoe
434 3013 517 3060 altero
529 3012 603 3060 lectio
616 3019 641 3060 et
651 3012 764 3071 fortusse
777 3014 873 3062 rectior
886 3011 934 3075 (cf.
947 3013 979 3060 L.
993 3021 1025 3060 tt.
1045 3011 1079 3060 D.
1090 3012 1124 3060 de
1138 3025 1195 3075 ocq.

227 3094 279 3127 rer.
298 3080 362 3128 dorm
375 3086 411 3135 tt,
431 3077 450 3142 t)
468 3078 549 3141 fuerit
565 3080 654 3137 codici,
670 3095 718 3144 quo
730 3079 856 3142 utebatur,
871 3082 1012 3142 adscripto.
1049 3079 1069 3140 ⁸)
1087 3079 1195 3129 Addidi.

221 3153 226 3182 i

377 3197 431 3204 ..ι-..-

228 3259 401 3328 dotatam).
433 3264 484 3318 Cic.
503 3265 703 3327 deosfieme.
783 3261 959 3331 §§.oo—68.
988 3265 1027 3324 Of.
1046 3265 1079 3314 L.
1093 3273 1112 3312 a.
1133 3261 1160 3326 3.
1175 3272 1196 3312 1.

227 3329 411 3398 L.3pc.8.t.
431 3329 583 3396 Lepess
598 3344 616 3382 a.
636 3333 927 3397 B,deccq.rer.dom.
942 3329 985 3396 (tt,
1000 3332 1032 3397 1).
1053 3329 1147 3394 8812.
1164 3339 1195 3381 15.

228 3397 515 3462 l.derer.dio.(a,r).
586 3396 1196 3466 §.devitataD.eod.§.aa,Lot.

228 3467 269 3515 ca.
340 3463 364 3530 5.
379 3469 420 3518 to,
440 3468 479 3530 ef.
493 3468 526 3519 L.
540 3477 559 3516 r.
575 3466 603 3530 3.
617 3477 637 3516 1.
656 3468 689 3516 a.
705 3469 743 3538 atr,
757 3469 799 3516 cit.
814 3465 840 3530 3.
854 3477 887 3516 ao.
907 3467 932 3515 Ι.
947 3470 986 3517 re.
999 3472 1041 3516 co.
