2588 3954
507 179 625 215 SERVIVS
646 178 792 214 svnrlctvs
812 179 908 212 RVFVS.

201 327 202 330 ’
290 318 337 378 12.
362 319 440 388 Quod
461 322 488 375 in
511 321 582 393 agris
605 322 818 393 quotquotannis
834 337 941 375 rursum
958 319 1077 376 iacienda
1093 319 1198 384 eadem,

1277 297 1284 392 l

189 407 190 410 ’
221 413 256 460 ut
276 420 370 460 rursus
392 405 478 477 capias
500 404 619 466 fructus,
647 405 779 478 appellata
805 421 876 460 rura.
923 403 1038 472 ¹lliin'dit
1064 406 1092 461 ln
1118 403 1197 468 illo',
1282 407 1284 448 l

169 487 171 491 ’
226 489 333 544 Servius
349 488 443 545 scribit
459 488 607 563 Sulpicius,
631 488 731 562 ¹plebei
746 506 808 544 rura
829 488 960 562 largitura
982 482 1139 544 adorea'.¹¹
1157 520 1196 530 -
1277 493 1284 516 ·'

228 575 311 630 Varro
328 574 361 629 de
375 571 406 628 L.
423 572 453 627 L.
472 573 500 634 5,
516 573 545 627 4.
563 574 590 644 g.
607 573 658 630 40.

288 681 331 742 13.
354 683 465 738 Seruius
486 676 656 757 Sulpicius¹²
677 684 838 757 religionem
866 661 925 738 esse
951 684 1049 738 dictam
1075 683 1198 751 tradidit,
1282 705 1284 752 ς

229 785 296 842 quae
312 775 426 842 propter
446 770 613 823 sanctitatem
635 769 750 841 aliquam
771 776 874 824 remota
896 785 925 824 ac
946 767 1065 842 seposita
1087 768 1199 824 anobis

1280 759 1284 794 l

225 854 284 913 sit,¹
301 854 377 925 quasi
393 869 408 906 a
426 851 607 926 relinquendo
629 851 712 914 dicta,
740 861 771 908 ut
791 869 805 907 a
826 853 942 908 carendo
965 854 1135 908 caerimonia.
1156 884 1198 893 —
1282 837 1284 914 ἷ

225 936 343 992 Macron.
362 935 417 992 Sat.
435 937 463 998 3,
480 936 508 993 3.
526 937 553 1008 S.
572 937 600 993 8.

289 1045 334 1104 14.
356 1047 545 1119 Mancipatas
567 1053 594 1102 et
615 1050 781 1118 adoptatas,
811 1055 842 1102 ut
862 1031 1010 1120 patrissui
1030 1048 1109 1103 heres
1133 1065 1199 1114 esse

136 1113 141 1182 s
226 1132 341 1194 desinit,
364 1135 404 1187 ita
425 1136 500 1202 eins,
529 1135 579 1203 qai
599 1134 727 1203 adoptet,
754 1139 806 1186 tam
827 1132 906 1186 heres
928 1138 983 1194 est,
1011 1148 1090 1205 quam
1105 1149 1200 1198 eaeo
1282 1187 1284 1198 .

1281 931 1284 1004 l

1282 1011 1284 1090 l

1279 1101 1284 1152 ⁴.

1282 1161 1284 1178 i

134 1193 136 1196 Ι
202 1216 204 1220 ’
225 1223 321 1272 ntitas.
347 1216 398 1272 Set
413 1224 440 1272 et
455 1223 619 1290 atropatus,
639 1218 684 1289 qui
700 1218 727 1271 in
743 1223 880 1289 potestate
896 1216 986 1272 aliena
1002 1235 1059 1272 non
1076 1223 1126 1287 est,
1145 1236 1199 1272 ar·
1281 1219 1284 1288 ξ

102 1291 104 1303 ²
136 1319 153 1344 ν
225 1305 371 1375 rapotonis
391 1305 425 1373 fit
444 1304 523 1373 filias
543 1308 571 1356 et
586 1317 651 1356 suns
667 1301 746 1355 heres
762 1308 792 1355 ut
808 1305 900 1373 patris
915 1301 1069 1357 nataralia.
1108 1303 1200 1358 Haec

137 1423 139 1432 .
226 1389 265 1442 ait
282 1386 347 1442 Ser.
363 1385 497 1459 Sulpicius
513 1387 541 1441 in
557 1402 588 1440 ea
604 1386 742 1447 oratione,
770 1403 857 1458 qaam
877 1387 978 1441 dadait
998 1391 1100 1441 contra
1116 1387 1198 1442 Mes-

94 1513 97 1518 .
128 1469 133 1538 ᾗ
164 1527 165 1532 ,
226 1473 330 1536 saltam
349 1463 565 1558 produtidia.¹3
590 1500 626 1510 —
650 1468 723 1524 Fest.
742 1488 765 1524 v.
790 1469 954 1542 llancipalus
977 1468 1198 1544 (Mancipatione)

92 1567 99 1576 ’
140 1563 171 1590 ·’
224 1573 250 1629 p.
271 1553 340 1611 153.
387 1583 388 1589 .

282 1661 329 1720 ¹15.
353 1663 410 1719 Silii
426 1681 532 1720 causam
549 1673 575 1720 tc
591 1665 680 1719 docui.
710 1664 734 1718 ls
750 1672 846 1737 postea
868 1664 919 1719 luit
936 1665 1006 1737 apud
1022 1681 1073 1719 me.
1104 1663 1197 1731 Quum
1282 1687 1284 1706 ⁴

179 1751 182 1753 ’
226 1751 250 1804 ei
266 1747 390 1810 dicerem,
408 1749 455 1804 tibi
470 1749 556 1804 uideri
577 1751 752 1822 sponsionem
768 1748 840 1803 illam
861 1766 910 1804 nos
933 1751 990 1804 sine
1010 1749 1132 1822 periculo
1155 1749 1168 1804 s
1184 1780 1197 1792 -

172 1841 173 1844 ’
225 1850 286 1889 cere
312 1850 407 1906 posse:
434 1835 461 1888 ni
487 1833 621 1889 bonorum
649 1833 784 1906 Turpiliae
810 1835 1013 1906 possessionem
1041 1832 1072 1900 Q.
1095 1833 1195 1907 Caepio

148 1955 156 1960 „
225 1926 336 1992 praetor
351 1935 383 1973 ex
399 1918 488 1974 edicto
504 1936 554 1974 suo
571 1919 636 1974 milri
652 1918 765 1980 dederit,
782 1934 882 1990 negare
897 1917 982 1974 aicbat
997 1918 1136 1980 Seruium,
1154 1911 1213 1973 ta·‘

1273 1323 1284 1406 i

1282 1407 1284 1452 l

1254 1525 1284 1648 7=

1278 1707 1284 1780 l

225 2003 301 2062 bulas
319 2005 473 2060 testamenti
488 2020 548 2058 esse
571 2020 629 2066 eas,
652 2019 718 2076 quas
734 2004 898 2058 instituisset
919 2005 956 2064 is,
980 2003 1025 2077 qui
1047 2003 1194 2058 factionem
1281 2041 1284 2058 .

111 2107 113 2111 ’
137 2157 138 2160 ¹
226 2089 381 2143 testamenti
397 2105 452 2143 non
475 2087 611 2142 hahuerit:
634 2087 777 2166 hocmidem
794 2084 900 2142 Ofilium
923 2081 1057 2142 dicere.¹¹
1075 2119 1111 2127 —
1135 2087 1191 2142 Cic.

209 2215 210 2218 ,
225 2171 257 2226 ad
273 2171 326 2227 div.
344 2170 518 2244 (Trebatium)
536 2173 563 2234 7,
581 2172 630 2256 21.

289 2279 335 2338 16.
360 2281 426 2336 Eum
442 2284 517 2344 uero,
535 2284 577 2337 eui
593 2282 659 2340 dens
675 2282 795 2343 deesset,
818 2282 928 2336 Seruius
951 2282 1084 2337 redhiberi
1100 2299 1192 2354 posse,

171 2383 172 2386 ¹
227 2366 376 2438 respondit.
397 2397 433 2406 -
452 2366 519 2421 Gell.
537 2366 566 2428 4,
584 2367 611 2421 2.
630 2368 656 2438 S.
677 2366 724 2421 12.

187 2620 191 2624 ,
228 2579 258 2640 ¹¹)
272 2580 413 2630 Emendavi
425 2583 504 2631 locam
516 2589 541 2630 et
553 2580 642 2630 Servio
655 2582 779 2630 vindicavi
789 2582 816 2630 in
828 2581 868 2634 lid,
884 2583 919 2630 ¹cl.
932 2582 1004 2646 Igno.
1013 2582 1091 2645 ·Taf.’
1101 2598 1129 2645 p.
1141 2590 1191 2631 437.

226 2645 256 2711 ¹²)
276 2649 334 2696 Nisi
346 2652 434 2712 potius
445 2649 578 2698 Masurius
590 2648 711 2707 Sabinas,
730 2651 772 2697 cai
787 2649 851 2698 daec
867 2650 955 2698 tribuit
975 2649 1036 2699 Geil.
1050 2657 1076 2712 4,
1090 2659 1109 2700 t.
1128 2647 1156 2713 3,
1169 2659 1189 2698 8.

227 2717 261 2764 Et
272 2718 367 2765 recitas
380 2717 414 2765 idi
425 2719 549 2781 religiosi,
563 2732 613 2766 non
623 2718 754 2784 religionis
765 2717 828 2766 liaeo
839 2719 953 2766 traditur
965 2719 1086 2780 definitio.
1118 2717 1189 2767 Gete-

224 2800 280 2848 rum
295 2785 402 2833 extabat
420 2785 504 2833 Servii
520 2783 627 2847 Sulpicii
638 2787 840 2847 '‘commentatio,
864 2786 1016 2848 quamobrem
1039 2799 1118 2834 mensa
1143 2787 1188 2834 lin-

224 2853 315 2916 quenda
329 2868 374 2901 non
389 2857 447 2910 cst’,
467 2852 534 2900 Ptin.
548 2853 583 2900 H.
598 2852 631 2901 N.
645 2861 677 2908 28,
690 2861 711 2904 2.
725 2850 751 2915 8
764 2861 797 2902 26.
846 2850 877 2916 ¹³)
901 2853 988 2903 Totam
1008 2856 1087 2902 locam
1101 2856 1188 2916 paullo

223 2921 299 2969 aliter
310 2921 427 2983 supplevi
438 2935 469 2968 ac
481 2919 607 2968 Mitlterns
620 2922 755 2986 ceterique.
798 2917 828 2982 ¹¹)
846 2921 882 2969 De
895 2936 973 2970 caasa
986 2919 1085 2970 Siliana
1098 2921 1131 2983 cf.
1146 2921 1187 2969 tio.

222 3003 299 3036 ineam
317 2986 436 3035 ‘Studien
453 2989 477 3037 ct.
496 2987 527 3035 Il.
540 2987 582 3036 Β)
599 3004 627 3051 p.
640 2997 658 3040 1.
681 3014 713 3022 —
735 2986 819 3038 Servii
835 2989 966 3050 epistolam
983 2991 1187 3049 consolatoriam,

222 3070 286 3118 qnae
299 3056 392 3118 lapitas
403 3056 471 3103 inter
486 3055 537 3104 Cic.
551 3071 593 3119 ep.
606 3057 641 3104 ad
652 3057 703 3106 dia.
717 3065 742 3117 t,
752 3066 781 3116 5.‚
796 3058 934 3106 omittimus.
951 3084 980 3092 -
997 3056 1120 3106 Seruilius
1133 3058 1188 3120 qais

221 3123 255 3169 sit
267 3122 351 3170 indae
364 3125 418 3170 loco
434 3120 515 3184 (Fest.
532 3140 554 3172 a.
569 3123 705 3187 Municeps
715 3140 743 3187 p.
758 3121 831 3186 tit.):
851 3126 879 3174 dt
891 3126 1006 3174 Sernilins
1024 3125 1101 3174 aiebat
1118 3123 1187 3173 inilia

222 3189 310 3244 luisse,
324 3192 363 3252 qni
377 3205 403 3238 ea
417 3191 554 3240 conditione
568 3193 633 3240 ciues
645 3193 688 3240 llo.
703 3193 816 3248 luissent,
829 3199 853 3258 nt
866 3208 959 3256 semper
971 3207 1047 3256 remp.
1061 3193 1187 3255 separatim

222 3274 234 3305 a
248 3258 334 3321 populo
346 3259 390 3306 llo.
405 3259 525 3316 haberent,
540 3261 669 3315 Cumanos,
682 3261 827 3316 Acerranos,
840 3262 971 3318 Atellanos,
985 3254 1024 3322 qui
1037 3275 1111 3324 aeque
1123 3260 1187 3308 ciues

222 3327 265 3378 lio.
284 3333 350 3374 erant
366 3327 393 3374 et'
406 3327 430 3375 in
447 3327 539 3387 legione
556 3328 688 3381 merebant,
708 3328 750 3375 sed
770 3328 895 3386 dignitates
913 3345 959 3377 non
978 3328 1116 3391 capiebant,
1139 3324 1200 3376 non‘

222 3401 328 3446 constat.
361 3396 435 3443 Alias
453 3397 552 3444 ot‘detat·
569 3395 599 3443 P.
618 3393 740 3444 Servilios
757 3410 850 3458 angar,
868 3395 938 3445 caius
956 3397 1064 3444 meminit
1079 3395 1149 3447 Fast.
1165 3411 1188 3443 a.

224 3461 328 3514 Stellam
339 3478 364 3524 p.
378 3470 423 3511 351.
445 3462 521 3518 Sunt,
535 3464 578 3526 qni
590 3464 722 3526 corripant
735 3462 800 3510 Serui
815 3463 887 3512 altis.

858 3657 881 3704 Q

1278 2061 1284 2088 a

1274 2091 1284 2150 l

1276 2169 1284 2212 l

1278 2230 1284 2454 ss

1276 2489 1284 2706 l

1279 2711 1284 2970 l

1272 2993 1284 3102 l

1251 3336 1253 3341 .
1282 3257 1284 3344 l

1278 3345 1284 3394 l

1281 3439 1284 3520 l

1279 3523 1284 3560 r
