2614 3960
195 153 245 204 644
424 167 528 202 ranan.
548 167 605 202 svn.
626 168 691 202 nono.
712 166 803 202 varic.
823 153 931 202 te-tt.

196 314 241 379 rit,
254 311 382 381 placuit,
405 309 459 366 boe
474 311 586 364 domino
609 309 714 379 quaeri;
737 310 859 380 quamuis
882 305 970 362 Labeo
992 305 1171 380 distinquat,

196 397 279 450 cuius
297 396 393 510 paratio
420 396 466 449 uel
485 395 572 448 beres
594 395 740 448 institutus
767 397 815 456 sit,
843 394 891 450 uel
917 395 1049 465 tapetum
1076 406 1175 447 acce-

195 471 306 550 perit.⁸

82 567 194 626 [moab.
260 558 306 619 72.
332 470 412 634 2(l.)
439 562 497 618 Sed
510 564 597 618 sicuti
611 563 796 632 stipulatione
816 561 966 618 fructuario
988 559 1173 633 adquirit,ita

98 635 165 700 ιιι·
194 651 278 703 etiam
294 649 474 717 paciscendo
496 661 559 702 cum
585 648 740 718 adquirere
768 649 967 718 exceptionem
986 645 1167 716 fructuario,

193 731 310 786 lulianus
328 725 432 804 ’(ιιιι.)5
447 728 546 784 XXXV.
556 730 620 802 Dip.
634 732 750 786 scribit.-
764 721 919 802 ’itemque⁶
935 733 995 786 etsi
1005 738 1169 800 acceptum

195 818 351 888 roqaucrit,
369 813 560 872 liberationem
576 815 600 868 ei
614 830 721 884 parere.
749 812 801 886 (2.)
818 814 958 882 Quoniam
974 819 1071 870 aulem
1086 816 1169 870 di'tci-

193 916 264 968 mus,
282 901 358 970 quod
374 914 414 956 ea
429 901 525 971 operis
540 901 721 970 adquiritur,
745 900 785 954 aci
800 899 993 970 fructuarium
1014 900 1165 971 pertinere,

193 981 332 1038 sciendum
345 991 396 1054 est,
411 987 495 1039 etiam
511 983 667 1055 capernaum
679 999 742 1038 eum
758 981 892 1055 operari;
908 986 1011 1038 etenim
1019 985 1163 1038 modicam

195 1083 304 1140 quoque
320 1069 524 1141 castigationem
540 1066 696 1122 fructuario
712 1074 882 1138 competere,
896 1067 1022 1124 Sabinus
1037 1083 1163 1140 respon·

194 1149 409 1208 altercantur
430 1153 478 1208 lib.
504 1151 584 1208 VIII.
602 1153 669 1207 iuris
688 1151 775 1206 ciuilis
791 1151 892 1213 scribit,
909 1152 945 1206 ita
960 1158 990 1208 ut
1006 1159 1165 1229 nequetor-

195 1243 289 1307 queat,
307 1252 401 1310 neque
414 1236 538 1310 ilaqeliis
553 1238 671 1304 caedat,
689 1237 797 1308 'neque
813 1251 915 1308 operae
936 1233 1112 1309 gladiatoriae
1136 1237 1163 1290 ei

196 1335 260 1375 usus
276 1324 313 1376 sit
318 1345 328 1384 ;
343 1325 400 1394 nisi
413 1324 490 1393 quoa
509 1321 549 1375 aci
567 1322 740 1376 botuendum
762 1323 790 1376 ei
809 1312 989 1377 existiment⁷
1013 1328 1164 1394 conpetere

194 1421 285 1477 posse.
317 1403 350 1458 Ut
367 1421 433 1460 uero
455 1403 583 1478 ’pugnet
606 1406 819 1460 concedendum
835 1408 862 1461 ei
881 1420 956 1473 esse,
976 1403 1095 1462 Cassius
1110 1420 1162 1460 ne·

194 1481 275 1562 qat.⁷
304 1487 383 1543 Idem
408 1495 435 1542 et
456 1487 581 1555 Sabinas,
604 1490 726 1560 quamuis
749 1481 844 1544 nauis⁸
873 1489 1031 1560 usrrsractu
1052 1491 1162 1562 lepato,

195 1572 391 1642 nauiqandum
407 1586 469 1626 eam
485 1573 648 1628 mittendam
658 1579 761 1644 putat,
779 1572 842 1629 licet
858 1572 991 1645 naufragii
1006 1575 1164 1646 periculum

196 1657 355 1716 immineal;
376 1655 484 1727 'neque
504 1658 535 1711 id
554 1660 734 1712 contrarium
756 1649 833 1719 est,·⁷
855 1673 939 1714 naues
961 1658 1032 1712 enirn
1054 1657 1086 1712 ad
1109 1657 1162 1712 hoe

195 1744 332 1812 parantur,
349 1745 379 1794 ut
394 1741 539 1812 nauiqent,
557 1739 628 1795 'nan
644 1744 709 1796 item
725 1744 813 1810 serui,
831 1749 862 1796 ut
872 1734 1033 1815 pupnent.⁷
1066 1752 1069 1758 '

86 1817 195 1896 ipssffl·
260 1818 307 1880 73.
330 1816 416 1880 9...
440 1823 473 1880 Si
495 1825 577 1894 Titia,
601 1841 665 1880 cum
686 1827 737 1881 tibi
753 1819 860 1896 fundos
883 1834 910 1882 et
930 1827 1058 1900 mancipia
1079 1825 1163 1882 dona·

90 1903 252 1976 Cfflfliret,
270 1907 483 1979 usumfructum
499 1925 597 1967 eorum
613 1910 667 1964 sibi
681 1916 707 1964 et
722 1910 820 1965 liberis
835 1912 1042 1966 interueniente
1059 1911 1162 1982 recepit

196 1993 378 2063 stipulatione
394 1997 520 2065 eiusque,
538 2007 614 2065 quae
629 1995 669 2048 ad
682 2009 713 2048 se
725 2000 882 2064 spectaret,
897 1992 1161 2068 utendiirnendique
1211 2019 1213 2026 ⁴

195 2076 279 2148 partis
296 2078 490 2133 condicionem
501 2079 599 2133 liberis
615 2075 757 2134 concessit
772 2082 822 2148 ita,
841 2087 872 2136 ut
886 2083 915 2134 in
931 2081 1002 2135 diem
1015 2080 1085 2134 uitae
1097 2094 1160 2134 suae

197 2176 229 2215 ex
244 2163 394 2217 uoluntate
410 2165 511 2217 matris
527 2167 583 2217 toto
597 2160 780 2232 fruerentur,
799 2165 864 2218 inde
876 2166 953 2235 quad
962 2171 1060 2235 parte,
1076 2181 1158 2238 quam

196 2248 257 2316 r'psa
279 2244 415 2307 hahuerit,
434 2247 563 2316 usquein
580 2247 688 2304 obitum⁴
705 2246 868 2317 eiussruiti
889 2255 969 2317 sunt,
997 2265 1054 2304 non
1075 2251 1158 2303 etiam

196 2336 298 2392 nactos
313 2344 377 2383 esse
393 2332 435 2383 ins
451 2330 535 2401 partis
551 2329 676 2394 alterius,
694 2331 867 2403 adprobatur
887 2335 961 2388 iuris
986 2336 1158 2389 auctoritate

199 2454 204 2466 .
224 2453 230 2466 .
250 2454 256 2466 .
275 2419 302 2467 et
313 2411 430 2467 Paterno
447 2429 536 2469 conss.
546 2407 572 2449 9⁰

99 2493 195 2572 siffis·
259 2490 305 2550 ⁷4.
331 2537 338 2550 .
355 2537 362 2550 .
380 2538 386 2551 .
403 2499 460 2554 Aui
474 2505 641 2555 testamento
658 2498 815 2569 usufructu
826 2501 929 2566 ‚liberis
945 2504 1001 2557 tuis
1016 2499 1157 2574 ‘doleqo'

200 2694 259 2762 Vnt.
273 2697 331 2744 edel.
402 2695 434 2758 ⁸³)
453 2696 575 2745 Fortasse
592 2695 746 2759 sequebatur
757 2701 872 2762 sequenti
888 2715 976 2749 uersu:
995 2701 1075 2763 ‘qnod
1085 2699 1158 2749 borbel

196 2763 339 2812 rationem'.
376 2762 416 2825 Of,
435 2763 468 2810 L.
487 2771 519 2810 ιι.
539 2764 571 2811 1).
591 2765 622 2812 de
640 2764 722 2826 usufr.
760 2765 835 2815 Certe
853 2764 1011 2816 lastinianus
1029 2767 1156 2817 Labeonis

195 2833 345 2879 sententiam
362 2830 489 2892 probauit.
526 2829 642 2880 Ceteram
659 2831 693 2894 cf,
711 2833 744 2881 L.
758 2842 790 2880 tt.
810 2831 838 2896 3.
856 2841 876 2882 3.
895 2833 926 2882 L.
945 2843 978 2881 47.
998 2835 1031 2883 ll.
1051 2836 1083 2884 de
1101 2850 1157 2900 ocq.

195 2913 248 2947 rer.
267 2899 331 2946 dom.
352 2895 398 2957 (it,
419 2895 448 2956 1).
488 2897 517 2946 t.
537 2907 570 2946 45.
589 2897 616 2963 3.
636 2908 657 2950 3.
679 2900 712 2948 Ι).
732 2901 765 2949 ele
786 2917 843 2965 aeq.
868 2918 890 2950 v.
914 2917 960 2953 orn.
984 2902 1038 2954 lter.
1060 2901 1107 2964 (29,
1125 2905 1156 2961 t).

195 2963 218 3025 4)
238 2964 317 3012 Prior
333 2978 398 3025 pars
420 2965 456 3012 ad
473 2963 507 3026 (t)
525 2968 588 3016 inea.
608 2973 683 3018 extat
703 2969 728 3014 in
746 2967 780 3016 L.
799 2977 832 3018 23.
857 2969 888 3018 D.
914 2970 946 3018 de
969 2970 1050 3032 asasr.
1072 2967 1107 3031 (t,
1127 2969 1156 3026 1).

197 3028 217 3093 ⁵)
238 3029 284 3078 Ean
301 3030 361 3094 Dip.
380 3033 503 3094 supplent.
601 3033 623 3095 ⁶)
642 3036 750 3096 idemque
768 3035 826 3098 Dip.
924 3035 946 3100 ⁷)
965 3037 1041 3086 Haec
1058 3037 1085 3086 in
1104 3037 1156 3101 Dip.

197 3097 289 3156 omissa
307 3098 343 3147 ad
358 3101 509 3150 sententiam
526 3103 638 3151 restitui.
657 3098 789 3163 (Similiter
809 3101 909 3168 Moms.)
928 3149 929 3156 ,
981 3104 1002 3165 ⁸)
1022 3102 1157 3170 Sequentia

197 3170 292 3214 mutata
310 3172 415 3215 eastant
433 3168 465 3218 L.
485 3177 517 3217 12.
538 3165 565 3231 3.
587 3178 605 3215 1.
624 3169 658 3222 D.
676 3171 707 3218 de
725 3169 807 3231 usasr.
829 3171 858 3232 (7,
879 3171 909 3234 1).
934 3170 973 3233 Cf.
994 3172 1026 3224 L.
1048 3181 1078 3221 lt.
1098 3170 1155 3235 31.

197 3233 230 3280 D.
250 3234 282 3282 de
299 3234 339 3282 rei
357 3235 423 3284 vind.
443 3237 478 3294 (6,
498 3233 530 3296 1).
624 3235 645 3299 ⁹)
664 3237 710 3286 Ab
726 3239 765 3286 ius
782 3240 948 3288 accrescendi
964 3237 1013 3302 33.
1031 3248 1064 3288 73.
1084 3247 1109 3289 ιι
1125 3250 1154 3288 tt.

196 3302 349 3363 pertinuisse
369 3309 393 3350 et
405 3308 535 3366 utramque
548 3304 677 3366 rescripta
688 3306 841 3356 continuisse
853 3313 922 3369 puta,
941 3314 969 3355 ut
979 3306 1043 3357 baec
1054 3309 1155 3356 materia

197 3367 229 3415 ab
248 3370 426 3431 imperatorum
443 3370 578 3432 rescriptis
596 3379 688 3434 coepta
705 3387 760 3422 esse
778 3374 901 3424 uideatur.
943 3373 1048 3424 Tantum
1070 3381 1096 3424 ut
1113 3375 1155 3424 boe

197 3441 346 3497 appareret,
359 3436 488 3500 utriusque
498 3439 650 3488 restituendi
659 3440 714 3502 feci
723 3442 867 3503 periculum.
913 3437 945 3503 ⁹⁰)
958 3457 982 3489 a.
997 3450 1043 3491 233.
1057 3450 1100 3490 ιιι
1112 3451 1152 3491 tit,
