2634 3974
198 199 250 248 tto
488 210 562 246 rvmr
583 209 685 245 ravum
706 207 784 245 seur.
805 195 828 245 V.
847 195 870 242 6.

201 353 381 410 creditoribus
403 353 573 412 constitutis,
601 368 632 406 ex
654 351 696 406 his
714 349 844 423 usquead
861 322 1029 422 pubertatem
1046 348 1176 406 alimenta

200 438 362 512 praestando
378 445 451 494 sunt.
501 431 529 493 2.
554 429 652 498 ²Eius,
669 436 715 508 qui
731 434 762 489 ab
778 433 903 490 hostibus
918 441 1014 508 captus
1029 441 1083 497 est,
1100 431 1175 490 bone

200 524 296 578 uenire
312 532 367 578 non
383 529 514 595 possunt,
534 519 660 593 quamdiu
675 525 837 574 reuertatur.

469 690 532 730 utu.
549 689 591 732 vi.
629 689 671 728 Du
685 687 900 728 luuunmc'rts,

356 789 402 868 [L.
421 792 449 848 3.
473 793 509 848 Ι).
526 807 563 847 ne
578 793 648 864 qaid
661 795 689 846 in
705 793 768 847 loco
784 807 871 846 sacro
887 787 947 860 (43,
965 787 1003 861 6).

354 877 385 933 L.
404 877 432 932 2.
457 877 493 932 D.
511 879 546 932 de
561 879 624 931 toco
636 877 717 946 publ.
732 876 861 947 fruendo
878 871 937 946 (43,
955 871 993 943 9).
1003 866 1029 948 ¹]

264 958 288 1016 1.
313 953 496 1017 2Itetinendne
515 960 697 1034 possessionis
718 960 803 1034 gratia
825 966 977 1032 comparata
1003 959 1177 1017 suntiuter-

201 1044 288 1112 dicta,
312 1061 361 1118 per
382 1062 450 1118 quoe
473 1039 759 1116 compossessorem,
783 1060 860 1116 quom
876 1044 928 1097 ium
943 1041 1085 1105 hebemus,
1106 1045 1176 1098 reti·
1224 1059 1228 1062 ’
1249 1037 1264 1058 '²

167 1145 173 1154 ”
201 1146 269 1184 nere
293 1129 431 1193 uolumus:
460 1129 539 1202 quale
560 1137 602 1184 est
621 1145 675 1186 vr1
690 1141 876 1184 Possrnurm
898 1126 931 1182 de
952 1125 1032 1181 rebus
1048 1126 1114 1188 soli,
1143 1135 1171 1182 et

201 1229 321 1272 vrevin
348 1215 381 1270 de
407 1231 437 1270 re
463 1213 565 1269 mobili.
617 1211 649 1268 Et
670 1215 696 1268 in
718 1214 809 1285 priore
831 1211 938 1285 quidem
960 1213 982 1266 is
1004 1212 1095 1283 potior
1119 1201 1191 1282 est(

203 1300 249 1371 qui
276 1299 376 1354 redditi
401 1298 537 1355 interdicti
557 1305 680 1370 tempore
701 1313 752 1352 nec
771 1299 799 1351 ui
819 1313 870 1351 nec
890 1295 957 1351 clam
978 1311 1029 1350 nec
1048 1297 1174 1368 precario

202 1381 234 1436 ab
251 1383 408 1438 aduersario
422 1383 557 1455 possidet;
585 1383 612 1436 in
636 1380 721 1436 attero
737 1398 804 1436 uero
819 1381 911 1453 potior
926 1387 980 1442 est,
1008 1382 1055 1452 qui
1070 1381 1175 1436 maiore

201 1474 278 1539 perte
299 1469 362 1522 enni
384 1474 534 1521 retrorsum
557 1467 687 1520 numerati
708 1483 758 1521 nee
778 1467 805 1524 ui
826 1479 876 1520 nec
895 1465 963 1519 clem
984 1480 1034 1519 nec
1048 1466 1174 1537 precario

201 1549 335 1622 possedit.
394 1544 422 1606 2,
447 1549 481 1605 Ut
496 1542 705 1610 interdictum,3
730 1551 767 1604 ita
787 1557 813 1604 et
829 1541 917 1604 actio⁴
933 1550 1109 1622 proponitur,
1136 1565 1175 1604 ne

201 1635 261 1705 quis
284 1635 327 1687 uin
347 1630 455 1706 publico
477 1633 593 1706 aliquem
614 1633 764 1706 prohibeat.
810 1634 886 1688 cuius
908 1635 947 1688 rei
967 1632 1121 1689 sollicitudo
1136 1633 1172 1687 ed

179 1789 180 1792 Ἴ
203 1717 307 1771 nicrum
334 1726 475 1774 cursitores
500 1717 642 1790 'pertinet
698 1717 737 1772 Ab
763 1711 1064 1773 uiarumimmntione
1088 1733 1172 1771 nemo

203 1809 333 1876 exceptus
350 1810 403 1858 est-.-
447 1803 470 1857 si
491 1803 550 1874 quis
566 1809 654 1858 temen
670 1803 697 1857 in
713 1818 744 1858 ea
759 1801 858 1874 aliquid
874 1804 966 1874 operis
982 1801 1088 1864 iecerit,
1111 1817 1171 1872 quo

203 1895 384 1942 commeantes
401 1887 594 1961 impediantur,
622 1887 752 1942 demolito
769 1903 851 1959 opere
867 1877 1088 1941 condemnaturi
1134 1877 1167 1942 ’3.

201 1963 280 2026 7Non
306 1979 411 2027 tantum
438 1973 461 2026 si
486 1973 544 2044 ipse
571 1970 695 2036 dominus
722 1972 895 2043 possessione
921 1961 1077 2032 ’deiiciet,⁸
1103 1969 1174 2024 utile

198 2055 374 2111 interdictum
391 2064 446 2118 est,
463 2056 511 2111 sed
527 2057 606 2111 ctiam
622 2057 645 2110 si
660 2055 759 2110 familie
775 2057 841 2110 eius.
888 2055 1001 2110 familiae
1017 2062 1105 2110 autem
1120 2070 1175 2109 no·

199 2269 221 2338 ²)
242 2271 282 2334 Of.
296 2271 333 2320 Ἱι.
349 2281 369 2324 6.
390 2269 417 2334 S.
431 2282 450 2323 2,
470 2273 504 2320 Ι).
525 2271 776 2336 perincursurum
793 2285 863 2334 poss.
883 2267 927 2332 (n,
947 2269 980 2334 t).

272 2338 321 2387 Tit.
339 2339 388 2388 VI.
427 2337 447 2400 ¹)
467 2339 496 2388 Is
515 2355 621 2403 qnoque,
640 2342 681 2388 cni
697 2345 783 2388 statua
794 2339 820 2387 in
838 2337 938 2402 publico
949 2339 1071 2400 ponenda
1084 2340 1171 2388 locata

199 2413 245 2461 est,
264 2407 318 2454 toro
329 2406 431 2468 publico
446 2406 503 2467 frui
519 2407 625 2455 videtur.
678 2404 700 2468 ²)
722 2406 759 2468 Cf.
781 2406 837 2455 Gai.
851 2414 876 2463 t,
892 2413 1007 2454 its—152.
1061 2405 1082 2464 3)
1101 2406 1132 2455 L.
1146 2415 1170 2454 t.

200 2470 227 2534 8.
241 2479 273 2520 ts.
293 2473 326 2520 D.
345 2489 376 2520 ne
395 2474 457 2537 qaid
474 2474 499 2521 in
518 2476 572 2522 toea
588 2474 658 2536 pubi.
679 2471 722 2536 (43,
736 2472 768 2535 8).
827 2469 848 2533 ⁴)
869 2471 1015 2532 Quaenam?
1038 2473 1093 2522 Viae
1105 2474 1172 2522 enim

199 2541 352 2602 copitooeris
370 2541 402 2588 cle
421 2541 569 2589 iniuriarum
588 2543 687 2590 actione
705 2542 738 2589 L.
753 2550 784 2590 13.
803 2539 829 2603 8.
843 2550 861 2590 i.
882 2541 915 2589 D.
930 2541 961 2590 de
972 2541 1048 2592 iniur.
1065 2540 1109 2602 (tr,
1125 2537 1173 2605 10),

200 2621 264 2671 quae
287 2607 323 2654 ad
343 2607 391 2656 doc
412 2609 520 2671 proprie
541 2611 679 2672 proposita
702 2624 754 2657 non
776 2616 823 2657 est.
864 2607 918 2657 Sed
940 2609 1015 2656 etiam
1037 2611 1173 2672 sequentia

197 2675 321 2738 produnt,
342 2677 421 2724 locam
439 2691 484 2724 nec
502 2677 625 2740 inteprum
643 2693 689 2726 nec
705 2691 792 2724 sanum
812 2691 875 2725 esse.
903 2676 970 2725 Puto
988 2677 1073 2740 ipitnr,
1092 2675 1171 2724 rerba

199 2743 231 2790 ita
251 2749 273 2790 et
292 2743 355 2792 actio
372 2743 482 2805 supitioa
500 2757 555 2792 esse
569 2752 593 2792 et
604 2751 665 2808 post
677 2744 802 2808 prohibeat
813 2745 964 2802 retia-tenda,
984 2741 1026 2792 nbi
1035 2744 1093 2806 fere
1105 2744 1174 2792 daec

198 2811 360 2869 otim,seeuta
378 2812 444 2860 sint:
463 2813 482 2860 si
502 2814 564 2860 uiam
583 2813 701 2876 pubiicum
717 2817 771 2859 ante
786 2812 921 2860 aediticium
939 2825 1006 2859 sunm
1025 2826 1070 2860 non
1090 2811 1172 2858 muni·

199 2879 262 2927 uerit
279 2887 304 2926 ut
322 2885 438 2942 oportent.
473 2880 514 2928 De
531 2895 560 2930 re
578 2881 613 2942 cs.
633 2880 665 2928 L.
684 2879 735 2928 Iul.
755 2880 844 2927 naunic.
864 2887 956 2930 32-45.
986 2879 1075 2930 Lan.
1097 2875 1169 2938 §.n

198 2944 231 2993 Ι).
243 2947 283 3016 ἡιίε
301 2948 343 2994 via
358 2946 427 3008 pndt.
449 2945 491 3010 (43,
511 2947 554 3007 to).
616 2945 637 3012 ⁵)
656 2948 765 3011 pertinet,
779 2961 791 2994 a
805 2961 902 3010 quarum
916 2946 980 2995 Cdd.
995 2945 1053 2994 edd.
1070 2943 1171 2992 Postea

198 3013 234 3060 ad
250 3013 274 3060 iu
294 3029 319 3061 ea
339 3014 449 3078 intettipe
468 3016 606 3067 munitione,
664 3013 685 3076 ⁶)
705 3013 791 3063 Antea
809 3015 853 3071 ita,
872 3021 901 3063 at
912 3017 996 3064 locata
1009 3009 1168 3062 demolitione

198 3081 286 3142 operis
304 3080 490 3131 attribueretur
507 3083 671 3146 redemptori,
691 3085 780 3146 quanti
796 3084 902 3131 locatum
920 3089 988 3132 esset
1000 3091 1053 3129 cnm
1065 3079 1172 3130 dimidio

198 3147 412 3200 condemnandae.
454 3151 550 3200 Postea
572 3151 628 3213 ipse
653 3152 730 3209 piscem
756 3165 806 3213 per
832 3165 920 3199 servos
947 3148 1059 3198 demoliti
1082 3148 1173 3211 operis·

199 3229 331 3278 expansas
353 3217 386 3266 ab
412 3231 443 3266 eo
467 3219 584 3280 exepisse
607 3219 715 3266 videtur.
785 3215 806 3278 ⁷)
830 3217 865 3266 In
883 3217 924 3266 ed.
944 3217 1030 3268 Haen.
1053 3216 1111 3266 dinc
1134 3230 1172 3264 en*

202 3281 264 3332 cdd.
285 3286 376 3348 incipit
393 3285 438 3333 Tit.
457 3285 504 3334 vit.
526 3285 554 3333 de
571 3286 698 3336 interdicto
719 3291 796 3346 utrum
818 3285 848 3336 vi.
884 3285 925 3333 De
942 3300 971 3333 re
990 3283 1025 3346 cf.
1044 3284 1076 3334 L.
1096 3292 1105 3332 t
1124 3299 1169 3348 pr.

199 3347 247 3412 38.
263 3360 357 3400 is-n.
375 3352 409 3404 L.
423 3360 443 3399 s.
459 3349 506 3414 33.
522 3361 552 3400 io.
567 3361 599 3402 n.
617 3353 651 3403 D.
665 3355 697 3402 cte
708 3355 734 3401 ai
746 3350 788 3413 (te,
804 3349 849 3414 iti).
869 3351 921 3400 Cic.
933 3367 984 3415 pro
999 3351 1074 3400 caeo.
1088 3359 1119 3399 io.
1132 3359 1169 3400 no.

197 3414 219 3477 8)
243 3417 290 3466 Era
311 3419 398 3468 Gniac.
422 3420 456 3480 ej.
489 3420 615 3468 deiiciatur
637 3419 702 3468 cdd.
722 3420 779 3468 edd.
802 3422 880 3474 male,·
903 3435 959 3467 nam
982 3420 1174 3482 interpretatur

195 3483 303 3534 Paullus
326 3485 439 3536 familiae
461 3501 561 3542 nomen,
579 3487 612 3535 de
636 3502 685 3548 qna
709 3487 842 3535 deiiciente
866 3493 971 3542 tantum,
996 3501 1046 3535 non
1068 3486 1170 3534 deiecta
