2648 3974
341 245 343 248 .
415 215 476 251 3131
496 217 600 254 1113313.
619 202 656 256 lV.
676 205 818 254 120-122.
989 241 991 245 ψ
1049 207 1098 255 303

130 361 245 434 pecunia
261 359 330 432 peti,
352 361 389 414 ita
410 361 562 432 concipitur
583 362 718 434 exceptio:
746 375 887 416 31311333
902 374 1008 417 nvnvn
1023 375 1099 416 nou·
1122 399 1158 444 p,

133 461 212 503 erun
226 461 268 500 ur
284 459 449 502 nvnunrvn
464 459 623 502 uucnuvu
637 461 701 500 non
717 459 886 508 conentur,
903 461 943 501 nu
954 459 995 500 131
1006 459 1099 502 rucv-
1160 415 1185 488 7'

130 543 185 585 uta
200 541 401 592 permensum
419 536 446 584 et
461 529 578 602 denique
593 531 620 584 in
636 531 734 584 ceteris
751 531 838 585 causis
855 530 979 585 similiter
994 531 1098 604 concipi

131 613 216 670 solet:
231 612 293 667 ideo
309 612 419 674 scilicet,
437 615 498 686 quia
513 617 601 670 omnis
618 615 740 687 exceptio
756 613 873 669 obicitur
888 613 995 688 quidem
1011 631 1025 668 a
1041 631 1097 676 reo,

130 697 178 753 scd
194 699 231 752 ita
246 695 377 752 formulae
392 699 535 762 inseritur,
545 706 588 768 'ut
610 698 822 755 condicionalem
844 699 923 754 iaciat
937 699 1098 754 condemna·

132 783 247 844 tionem,
274 778 302 836 id
323 789 378 844 est,
406 797 442 836 nc
456 782 534 837 aliter
548 782 636 839 iudea
651 799 726 845 enm,
754 800 814 838 cnm
831 801 885 858 quo
902 786 1005 858 agitur,
1034 800 1098 839 con·

131 866 254 929 demnet,
277 883 355 938 quam
377 867 399 921 si
420 865 486 922 nihil
509 868 537 922 in
552 883 582 922 ea
596 883 640 930 re,
664 885 721 940 qua
737 868 771 924 de
792 869 896 942 agitur,
919 868 982 924 dolo
1000 869 1098 924 actoris

130 949 230 1006 lactum
252 951 299 1014 sit;
325 952 389 1006 item
411 967 446 1006 nc
467 950 544 1007 aliter
569 951 650 1006 iudex
677 969 738 1007 eum
764 953 941 1016 condemnet,
970 969 1049 1026 quarn
1076 954 1098 1006 si

129 1035 234 1090 nullum
260 1042 368 1108 pactum
394 1044 561 1092 conuentum
588 1039 622 1092 de
650 1053 705 1092 non
726 1037 842 1110 petenda
863 1039 978 1110 pecunia
998 1037 1098 1092 lactum

125 1112 275 1192 Γ313311.160

194 1199 261 1260 120.
284 1205 415 1261 Dicuntur
440 1213 528 1260 autem
555 1206 728 1278 exceptiones
756 1213 801 1260 aut
829 1207 1026 1281 peremptoriae
1052 1213 1098 1259 aut

130 1289 278 1345 dilatoriae.
334 1285 395 1347 121.
419 1289 619 1363 peremptoriae
640 1298 718 1353 sunt,
748 1307 816 1362 quae
837 1298 970 1365 perpetuo
998 1289 1097 1352 ualent,

129 1389 180 1429 nec
202 1375 297 1428 euitari
317 1383 447 1447 possunt,
473 1374 547 1430 uelut
570 1373 643 1447 quod
666 1379 753 1430 metus
775 1392 855 1431 causa
876 1384 922 1431 aut
938 1374 1001 1430 dolo
1018 1373 1096 1436 malo,

129 1466 177 1514 ant
197 1457 270 1532 qnod
292 1467 385 1514 contra
405 1459 494 1533 legem
517 1467 662 1516 senatusue
683 1460 840 1517 consultum
856 1460 954 1515 lactum
971 1466 1026 1520 est,
1053 1465 1099 1513 aut

131 1540 206 1617 quod
221 1559 265 1598 res
280 1543 395 1600 indicata
410 1551 466 1606 est,
490 1543 534 1598 nel
549 1545 576 1598 in
591 1542 718 1600 iudicium
735 1544 850 1601 deducta
866 1553 921 1607 est,
942 1543 1013 1598 idern
1028 1543 1098 1617 pacti

10 1641 11 1644 ’
34 1687 37 1692 ,
131 1629 276 1690 condenti,
303 1621 531 1700 ’3113111331133131
554 1636 610 1690 est,
632 1644 665 1683 ne
687 1630 797 1686 omnino
819 1631 933 1704 pecunia
948 1635 1096 1702 peteretur.

129 1707 370 1769 1333113333
396 1720 460 1768 sunt
485 1714 671 1786 exceptiones,
703 1730 771 1786 quae
797 1715 830 1768 ad
856 1721 961 1787 tempus
988 1719 1096 1768 nocent.

130 1797 216 1852 ueluti
236 1797 308 1853 illius
330 1798 400 1870 pacti
417 1799 560 1860 conuerti,
583 1797 657 1870 quod
675 1797 775 1855 lactum
792 1807 833 1855 est
849 1797 925 1853 uerbi
941 1799 1041 1870 gratio,
1063 1789 1097 1850 nc

128 1884 199 1937 intra
217 1883 432 1954 quinquennium
453 1889 606 1955 peteretur:
634 1880 711 1937 firrito
735 1883 805 1938 enim
827 1899 859 1939 eo
883 1891 1004 1954 tempore
1021 1874 1025 1958 (
1043 1893 1164 1942 13331333,

129 1965 210 2022 habet
232 1966 322 2021 locum
343 1967 476 2039 exceptio.
523 1968 565 2022 cui
588 1967 682 2024 similis
705 1969 828 2042 exceptio
845 1973 887 2022 est
902 1966 957 2021 litis
973 1964 1097 2020 diuiduas

130 2059 156 2106 et
177 2052 217 2106 rei
238 2049 375 2106 residuae:
397 2067 457 2106 nam
478 2052 509 2106 si¹
524 2053 585 2124 quis
600 2059 704 2124 partem
720 2054 760 2108 331
773 2052 884 2124 petierit
899 2058 927 2105 et
941 2051 1012 2104 intra
1027 2050 1097 2104 eius-

129 2135 189 2193 dem
210 2143 365 2209 praeturam
386 2135 516 2209 reliquam
539 2143 642 2209 partem
664 2143 753 2209 petat,
781 2137 829 2192 hac
851 2135 1010 2208 exceptione
1025 2149 1097 2188 sum-

129 2227 270 2282 mouetur‚
300 2236 368 2293 quae
389 2219 610 2294 appellatnrlitis
626 2219 765 2288 diuiduae;
793 2222 857 2274 item
873 2220 948 2282 3113,
976 2220 1097 2291 quicum

123 2301 225 2360 ‘eodeni
246 2304 338 2378 plures
354 2303 415 2360 lites
431 2303 558 2366 habebat,
583 2303 617 2359 de
634 2303 793 2378 quibusdam
809 2305 911 2382 egerit,
933 2303 965 2358 de
988 2299 1097 2376 quibus·

129 2388 189 2446 dam
205 2388 354 2451 distulerit,
371 2396 402 2443 ut
417 2389 450 2444 ad
466 2389 532 2445 alios
553 2388 656 2444 iudices
674 2381 834 2464 ’agantur,²
849 2390 871 2443 si
888 2390 959 2443 intra
976 2387 1094 2444 eiusdem

10 2449 12 2506 ἶ
100 2481 104 2489 ”
128 2481 282 2546 praeturam
299 2473 397 2536 dehis,
415 2490 483 2547 quae
498 2475 535 2528 ita
550 2471 701 2536 distulerit,
718 2481 794 2547 agat,
811 2490 860 2547 per
875 2475 943 2528 hanc
958 2473 1094 2545 exceptio-

127 2692 154 2738 iu
174 2703 227 2737 rem
243 2689 343 2738 actione
361 2691 449 2741 teneri.
498 2687 540 2752 160)
562 2690 606 2738 3311
625 2688 651 2737 C.
670 2690 728 2738 edd.
777 2686 1037 2752 1)]3“33113333(1,3]’.
1061 2689 1095 2750 cs.
1140 2747 1142 2752 Ι

129 2755 222 2820 3112.
248 2757 418 2820 qnodpactnm
438 2757 464 2806 0.
484 2754 1011 2821 (333133131333),333333133131139.
1044 2755 1097 2805 Sed

127 2831 222 2888 pactum
232 2832 271 2904 est
280 2839 331 2887 pro
345 2827 455 2874 conuenit
472 2827 543 2888 apud
558 2823 636 2874 IOtos
653 2839 704 2874 uon
720 2826 777 2888 topi.
825 2823 845 2886 ²)
865 2831 933 2886 egent
947 2824 973 2873 C.
998 2831 1052 2872 eant
1064 2823 1095 2873 de

128 3037 255 3094 315333.
281 3028 404 3081 Zeitscltr.
419 3031 440 3093 f.
456 3030 541 3096 pescli.
559 3031 633 3081 IiW.
652 3028 739 3080 XIII.
756 3033 784 3094 p.
798 3039 843 3082 316.
926 3028 1028 3096 3120.
1053 3031 1094 3093 Cf.

129 3093 156 3158 3.
170 3103 190 3143 1.
209 3096 233 3148 I.
248 3097 279 3145 de
293 3112 350 3160 exc,
371 3097 401 3160 (t,
416 3099 459 3160 13).
539 3096 565 3165 §.
580 3100 637 3149 121.
659 3097 699 3162 Cf.
712 3099 744 3146 L.
758 3107 777 3146 3.
796 3099 829 3151 Ι).
844 3101 875 3149 de
889 3107 991 3162 corrept.
1006 3097 1094 3162 (131).

127 3160 154 3232 3.
168 3171 187 3212 8.
201 3163 226 3212 Ι.
241 3165 283 3212 311.
308 3167 371 3228 quod
384 3181 422 3215 res
434 3167 482 3217 iud.
495 3171 555 3225 etc]
568 3168 603 3228 cf.
617 3165 644 3231 3.
659 3175 703 3216 106.
723 3175 743 3227 3,
760 3175 803 3216 183.
829 3183 857 3215 ne
877 3169 972 3216 omnino
986 3162 1044 3230 etc]
1059 3165 1094 3228 cf.

128 3229 176 3292 33.
193 3241 234 3279 tto.
250 3241 294 3284 113,
376 3229 402 3298 §
418 3235 473 3282 122.
495 3233 533 3295 Of.
547 3235 580 3284 L.
594 3243 614 3287 3,
628 3235 662 3283 I).
676 3236 708 3283 cte
721 3249 779 3284 exc.
793 3235 837 3298 (11,
852 3233 882 3296 1).
906 3233 932 3296 3.
949 3243 979 3286 to,
997 3233 1022 3284 I.
1036 3235 1093 3284 eod.

128 3295 158 3359 (1,
175 3295 219 3361 13).
250 3300 298 3348 11113
313 3300 433 3360 diuiduoe]
450 3301 484 3362 cs.
498 3299 526 3364 3.
540 3310 573 3350 53.
588 3327 621 3336 -
634 3300 663 3364 3,
677 3310 720 3352 131.
741 3301 810 3351 Hinc
822 3301 930 3351 maxime
944 3302 1095 3349 3331133113-

127 3371 236 3423 tereret,
251 3369 320 3430 quod
328 3371 440 3432 placuit,
453 3370 477 3418 31
488 3371 543 3432 quie
556 3387 605 3419 una
623 3371 787 3433 stipulatione
801 3373 941 3434 complures
959 3369 1094 3432 33331133-

127 3435 192 3482 latae
205 3441 272 3494 erat,
287 3441 324 3484 tot
336 3437 513 3500 stipulationes
525 3453 580 3487 3333
594 3444 654 3503 quot
664 3453 715 3487 rec.
735 3437 768 3487 L.
784 3445 817 3487 32.
831 3438 864 3485 Ι).
877 3439 908 3486 de
922 3437 993 3486 euict.
1008 3431 1051 3498 (21,
1062 3433 1092 3498 1).

125 3501 160 3548 L.
172 3509 196 3550 19
208 3517 250 3564 pr,
270 3503 301 3551 L.
317 3511 349 3552 13.
365 3503 392 3568 3.
405 3513 425 3553 4.
445 3505 477 3554 L.
491 3512 522 3554 86.
536 3506 569 3558 D.
583 3507 614 3554 rte
626 3504 694 3559 verb,
708 3505 756 3556 obl.
771 3505 813 3568 (11,
829 3504 858 3568 1).
879 3507 912 3555 331
925 3505 1045 3560 residuae]
1059 3503 1093 3564 cl.
