2648 3974
381 984 662 1038 rvarscousvarr
685 984 872 1037 cvrvscnn

318 1098 564 1165 OERVIDII
599 1100 927 1182 SOAEVOLAE,

90 1279 92 1282 -
168 1260 210 1302 vr
231 1259 385 1306 vrnnrvn,
410 1260 451 1298 1111
472 1243 663 1300 ’1111111111
686 1259 780 1300 urano
803 1257 899 1300 1111111
922 1259 1088 1302 1111111111

378 1359 472 1407 rans,
496 1360 516 1400 1
538 1359 698 1402 1111111111
724 1359 873 1402 saevam.

217 1526 369 1575 Dositheus
399 1523 593 1590 grammaticus
622 1525 666 1575 vel
696 1525 902 1590 ludimagister,
932 1527 979 1590 qui
1009 1526 1111 1576 Romae

142 1593 317 1658 potissimum
348 1594 473 1644 Graecae
501 1595 641 1644 iuventuti
667 1594 769 1643 Latine
802 1592 969 1644 erudiendae
997 1609 1111 1658 operam

144 1661 254 1710 dedisse
272 1660 398 1724 videtur,
421 1661 622 1725 imperantibus
641 1659 773 1725 Septimio
793 1660 896 1711 Severo
921 1666 949 1711 et
971 1661 1029 1712 filio
1053 1663 1110 1711 aius

144 1728 284 1779 Antonino
303 1727 377 1808 (nam
399 1729 459 1808 ipse
477 1729 597 1778 Maximo
622 1733 650 1777 et
672 1729 745 1792 Apro
774 1744 843 1779 coss.
864 1729 893 1777 1).
912 1745 934 1778 e.
955 1745 981 1793 p.
1001 1728 1065 1778 Chr.
1084 1745 1110 1777 n.

147 1812 172 1846 a
192 1798 249 1847 207.
268 1812 297 1845 se
317 1797 463 1858 scripsisse
483 1795 633 1862 significat)
654 1797 806 1875 composuit
829 1797 1039 1860 grammaticam
1058 1797 1112 1845 lin-

145 1879 216 1928 guae
235 1864 373 1925 Latinae,
394 1865 439 1912 cui
457 1865 535 1928 operi
559 1877 619 1912 cum
637 1864 716 1913 varia
735 1868 763 1912 11
782 1862 816 1912 ad
835 1864 994 1943 potissimas
1018 1873 1112 1927 partes
1133 1895 1141 1910 .

146 1931 310 1980 eruditionis
335 1931 457 1980 Latinae
486 1932 644 1996 spectantia
667 1921 871 1996 ἑρμηνεύματα
896 1946 918 1980 1.
945 1931 1112 1994 interpreta-

145 2004 237 2049 menta
255 1999 430 2060 inseruisset,
456 1999 555 2078 quibus
572 1999 672 2048 Latine
696 1997 837 2047 discentes
863 1996 977 2048 Graecis
1000 2012 1112 2062 respon-

144 2067 240 2115 dentia
252 2066 381 2115 Latina
374 2067 499 2117 invenire
513 2066 685 2122 docerentur
701 2081 793 2114 eorum
807 2065 1111 2142 interpretamentorum

143 2133 215 2183 libro
234 2135 318 2184 tertio
337 2134 387 2182 sub
406 2134 489 2183 titulo
508 2125 754 2198 ’συγγραμμάτιον
771 2125 893 2196 νομικὸν
909 2122 1034 2197 μάλιστα
1045 2129 1111 2212 usqi

145 2192 416 2266 bisunianensem:
433 2202 583 2266 Disputatio
599 2202 714 2265 sorensis
731 2202 841 2249 manime
864 2202 895 2250 de
914 2202 1112 2250 manumissioni·

144 2270 204 2318 tas’
232 2269 312 2318 nobis
339 2269 462 2319 servavit
492 2268 565 2318 hanc
599 2269 739 2332 quantivis
769 2267 853 2331 pretii
882 2267 1047 2331 particulam
1078 2282 1112 2316 ex

144 2336 335 2386 iurisconsulti
358 2336 501 2386 cuiusdam
520 2336 690 2416 Regularum
711 2335 781 2384 libro
804 2334 985 2399 desumptam
1021 2335 1112 2400 Regu·

144 2403 187 2452 las
218 2405 290 2454 enim
320 2403 371 2453 has
401 2405 503 2466 luisse,
535 2406 595 2469 ipse
627 2418 718 2452 earum
750 2406 846 2451 auctor
876 2401 902 2466 S.
921 2406 944 2453 3.
976 2403 1111 2452 declarat.

146 2471 329 2532 Quamobrem
348 2473 372 2521 si
390 2472 452 2535 quis
470 2441 545 2521 hdnc
565 2471 663 2521 Gaium
682 2472 772 2520 luisse
790 2475 911 2534 statuat,
932 2470 1002 2534 quod
1025 2485 1112 2534 nuper

145 2537 302 2588 Dirlrsenus
319 2540 437 2602 probare
458 2544 572 2589 conatus
596 2542 651 2600 est,
677 2543 753 2587 certe
776 2551 831 2586 non
848 2538 949 2588 Rerum
974 2538 1111 2602 quotidia-

146 2619 257 2666 narum,
277 2609 307 2654 ut
324 2606 372 2656 ille
391 2609 519 2671 opinatus
539 2613 595 2668 est,
615 2605 662 2655 sed
680 2603 850 2670 Regularum
872 2605 951 2655 libris
973 2605 1019 2654 vel
1042 2605 1112 2655 libro

146 2671 283 2736 singulari
308 2671 394 2738 (qnos
423 2674 522 2724 Gaium
551 2673 737 2738 composuisse
770 2688 804 2722 111
829 2671 955 2738 Digestis
986 2672 1111 2736 constat)

149 2741 293 2804 assignare
312 2740 432 2791 debebit.

213 2823 296 2874 Mihi
301 2829 394 2875 tamen
413 2841 502 2889 neque
517 2825 611 2886 Gaius,
631 2825 658 2874 id
677 2825 748 2888 quod
761 2825 866 2874 multae
877 2825 1002 2873 rationes
1020 2823 1112 2872 reder

147 2897 243 2957 gaunt,
263 2908 353 2964 neque
372 2892 501 2955 Paullus,
524 2909 558 2942 ex
576 2893 749 2942 Lachmanni
772 2896 801 2941 et
819 2890 944 2940 Rudorfii
963 2892 1111 2952 sententia,

146 2975 226 3022 qnam
241 2959 374 3026 Voi'gtius
392 2931 511 3023 refellit,
535 2976 623 3024 neque
646 2960 827 3024 Pomponius,
852 2960 886 3008 de
910 2974 970 3024 quo
985 2959 1045 3022 ipse
1067 2958 1113 3007 hic

146 3027 294 3091 cogitavit,
316 3028 365 3078 sed
383 3029 430 3091 qui
452 3028 494 3077 his
518 3029 650 3078 submotis
674 3027 731 3078 lere
750 3041 820 3075 unus
838 3026 1004 3090 relinquitur
1021 3026 1113 3105 Regu·

145 3092 235 3142 larum
254 3096 394 3160 antiquior
417 3100 445 3145 et
468 3095 568 3145 clarior
586 3100 696 3152 auctor,
717 3093 861 3144 Cervidius
885 3093 1023 3144 Scaevola
1044 3095 1112 3144 scri

146 3159 235 3224 psisse
268 3162 339 3212 haec
367 3161 489 3213 videtur
532 3163 614 3212 Hune
641 3161 749 3222 lCtum,
783 3162 902 3211 omnium
935 3167 1000 3211 tunc
1027 3159 1112 3210 facile

147 3227 371 3310 celeberrimum,
396 3231 442 3294 qui
465 3231 520 3279 iam
543 3231 593 3280 sub
616 3199 763 3280 Antoninis
792 3229 976 3288 inclaruerat,
1001 3232 1113 3344 prateter

145 3295 218 3346 hanc
236 3299 356 3348 nominis
375 3298 486 3360 lamam,
506 3313 561 3361 qna
573 3299 712 3346 Licinium
725 3296 850 3346 Rufinum
868 3297 1055 3360 aequalem't
1033 3313 1042 3344 1
1058 3311 1112 3344 ern-

149 3379 201 3426 que
215 3365 383 3430 Regularum
403 3367 565 3430 scriptorem
583 3365 664 3430 longe
678 3366 835 3430 superabat,
857 3364 940 3413 etiam
959 3363 1027 3413 illud
1046 3378 1112 3426 prae

146 3430 213 3480 aliis
242 3432 358 3484 Graecis
387 3434 543 3498 cumprimis
571 3434 760 3498 grammaticis
788 3430 978 3482 commendare
1007 3435 1034 3480 et
1064 3445 1111 3480 ac·

146 3503 255 3562 ceptum
275 3501 371 3551 lacere
390 3501 501 3567 debuit,
526 3500 598 3564 quod
621 3501 645 3549 is
668 3501 786 3565 primus,
809 3504 840 3548 ut
862 3498 985 3562 videtur,
1006 3498 1112 3548 Graece
