2634 3974
127 235 131 240 .
178 187 230 238 4⁷0
512 197 648 235 nouimus
666 197 813 234 vuarinus.

179 337 310 388 inferiore
341 338 419 400 parte
451 336 606 386 abscissum
640 336 741 398 fuisse;
760 335 840 386 ‘nam
869 352 922 386 nec
952 339 1151 402 septemdecim

177 419 274 455 versus
303 403 367 455 Vat.
398 402 503 462 codicis
533 405 659 468 integrae
689 405 808 469 paginae
838 403 993 468 sufficiunt,
1030 411 1061 454 ut
1089 407 1145 456 iam

178 473 373 522 Lachmannus
391 476 468 521 recte
486 471 636 536 iudicavit,
660 476 687 521 et
705 474 746 520 sic
764 473 933 537 explicatur,
958 488 1042 538 quare
1060 481 1150 524 utros-

179 554 231 603 que
249 540 300 589 hos
318 545 447 606 septenos
466 537 550 589 denos
569 555 666 589 versus
686 537 763 604 (post
781 539 807 603 S.
827 545 852 591 3.
872 545 900 589 et
918 541 961 602 9.)
982 540 1092 590 modica
1110 542 1152 592 la·

179 623 252 657 cuna
272 608 408 670 sequitur,
425 633 457 641 -
483 607 517 656 In
540 605 594 656 line
617 623 651 658 ea
675 609 766 657 omnia
789 609 942 671 perierunt,
972 623 1042 670 quae
1062 609 1150 660 Gaius

120 703 124 711 ·
178 675 243 725 inde
262 691 279 725 a
297 678 327 736 3,
346 676 387 724 55.
407 688 492 739 usque
515 674 649 724 adfinem
669 675 875 726 institutionum
895 681 1007 725 tractat.
1044 677 1150 728 Titulc-

178 759 237 792 rum
260 743 399 805 rubricae,
428 757 495 806 quas
514 742 664 793 Vaticanus
687 744 843 806 interserit,
864 743 959 793 saltim
977 759 1033 792 non
1056 760 1150 795 omnes

178 826 230 860 nec
249 812 304 869 ita,
322 814 352 859 ut
371 816 400 859 et
419 824 471 874 quo
488 809 549 860 loco
567 826 640 860 nunc
657 811 800 876 leguntur,
820 811 854 860 ab
873 811 934 876 ipso
950 811 1069 876 Ulpiano
1088 828 1149 863 esse

178 877 334 943 profectas,
360 893 455 926 ornnes
475 878 641 940 concedunt3
667 878 715 928 sed
734 879 873 928 tamenin
892 879 996 929 edendo
1015 895 1063 928 eas
1082 881 1151 930 reti-

179 961 246 994 nere
270 951 493 996 consentaneum·
508 950 576 994 erat.
614 945 718 995 Contra
742 946 861 1006 indicem
881 946 1149 1010 horumtitulornm,
1191 981 1193 984 -

180 1028 259 1076 quern
283 1013 370 1077 ipsum
397 1018 424 1062 et
447 1012 552 1062 codicis
576 1014 739 1078 scriptorem
758 1029 791 1065 ex
809 1013 865 1063 illis
884 1015 973 1063 titulis
993 1015 1149 1064 confecisse

179 1085 208 1130 et
230 1080 322 1130 alieno
344 1081 404 1130 lcco
428 1081 512 1146 paulo
535 1086 598 1146 post
621 1083 729 1131 initium
748 1083 873 1146 posuisse
893 1097 909 1130 a
927 1083 1068 1132 Momseno
1087 1099 1150 1146 pro·

178 1149 273 1198 batum
293 1152 350 1211 est,
370 1149 438 1199 licet
455 1149 613 1214 superiores
632 1149 753 1199 editores
772 1164 865 1198 omncs
884 1165 946 1198 eum
962 1156 1027 1199 ante
1040 1150 1151 1200 initium

178 1217 354 1280 repetierint,
379 1232 434 1266 non
452 1217 541 1280 magis
559 1217 733 1266 retinendum
752 1217 829 1278 duxi,
854 1232 935 1280 qnam
954 1217 1083 1267 similiter
1100 1233 1150 1280 pro

95 1341 103 1354 .
178 1284 260 1334 1511115
279 1285 341 1334 aevi
360 1299 434 1333 more
453 1285 595 1336 confectos
613 1285 735 1348 indices,
756 1285 802 1348 qui
820 1283 987 1334 collationis
1007 1284 1149 1336 codicibus

177 1350 294 1416 praefixi
311 1352 450 1416 leguntur.

246 1437 288 1485 De
307 1436 474 1486 editionibus
493 1435 545 1484 hoc
563 1451 742 1500 praemonere
755 1435 891 1495 sufficiet,
909 1439 972 1500 post
984 1436 1022 1488 Io.
1036 1437 1147 1498 Tilium,

178 1504 225 1566 qui
248 1503 352 1568 primus
369 1503 487 1552 Parisiis
511 1519 537 1552 a.
560 1505 633 1556 1549.
652 1504 723 1552 haec
745 1503 901 1568 fragmenta
924 1503 1065 1568 vulgavit,
1092 1519 1149 1553 ma-

178 1571 250 1618 xime
269 1571 414 1634 Hngonem
433 1570 578 1635 quinquies
598 1572 634 1631 (a.
654 1572 728 1622 1788.
748 1571 1101 1634 1811.1814.1811.1834.)
1122 1575 1149 1622 51
1174 1603 1178 1610 ,

179 1637 380 1702 Boeckingium
400 1641 499 1702 quater
512 1638 598 1699 (1831.
613 1639 688 1690 1836.
702 1639 776 1688 lars.
791 1637 876 1704 1855.)
891 1638 1005 1702 edendo,
1025 1643 1056 1687 ut
1069 1637 1148 1702 alios,

178 1705 297 1754 maxime
320 1705 352 1754 F.
370 1706 402 1758 Α,
423 1705 617 1770 Schillinginm
640 1710 668 1754 et
686 1705 906 1768 Lachmannnm,
930 1706 1146 1768 commentando,

178 1772 212 1822 de
232 1771 411 1823 emendandis
429 1773 465 1822 iis
483 1774 631 1835 meruisse,
657 1788 769 1837 quornm
788 1773 905 1837 laudem,
916 1773 1014 1824 deinde
1033 1773 1147 1838 philolo·

178 1855 230 1906 gns
255 1840 344 1890 editor
368 1847 480 1890 secutus
503 1845 546 1890 est
563 1841 602 1890 Io.
622 1841 764 1892 Vahlenus
789 1839 887 1903 (1856).
931 1841 1020 1905 ipsius
1045 1840 1147 1890 codicis

176 1908 242 1958 Vat.
271 1914 431 1959 accuratum
462 1909 649 1974 apographum
682 1913 710 1958 51
740 1924 830 1973 paene
862 1908 1038 1958 simulacrum
1067 1907 1148 1974 Hugo

179 1976 347 2026 editionibus
370 1979 427 2037 suis
451 1976 515 2025 inde
539 1992 555 2026 a
579 1978 678 2038 tertia,
703 1975 789 2026 multo
814 1977 939 2034 exactius
962 1975 1149 2042 Boeckingius

178 2058 246 2094 suae
266 2048 382 2109 quartae
402 2043 520 2104 addidit,
540 2044 584 2093 5111
604 2045 687 2094 etiam
701 2043 836 2093 Momseni
855 2045 975 2094 accessit
988 2043 1021 2092 de
1034 2043 1150 2108 Ulpiani

176 2111 292 2176 Regalis
319 2111 479 2177 disputatio.
523 2111 577 2173 Qui
604 2116 750 2175 praeterea
774 2111 895 2176 Ulpiano
918 2112 1086 2176 profuerint,
1116 2127 1149 2168 ex

180 2179 290 2229 illarum
310 2180 461 2230 editionum
478 2179 700 2244 praefationibus
720 2194 878 2244 cognosces.

245 2263 289 2314 De
317 2265 468 2314 novissima
494 2261 615 2313 Vahleni
642 2263 763 2314 editione
793 2279 853 2312 cum
879 2278 967 2327 nuper
993 2264 1022 2311 in
1045 2264 1147 2314 Fleck-

179 2331 268 2386 eiseni
294 2332 327 2381 N.
345 2331 442 2381 Jahrb.
465 2331 485 2382 f.
503 2330 575 2379 Phil.
600 2346 626 2383 u.
650 2332 717 2380 Pac.
741 2331 797 2385 vol.
815 2330 924 2382 LXXV.
948 2346 973 2395 p.
994 2332 1147 2386 ses—377.

177 2399 320 2461 referrem,
339 2398 420 2448 simul
438 2403 467 2447 in
485 2398 643 2447 universum
663 2415 716 2462 qua
733 2399 780 2448 via
798 2414 831 2448 ac
848 2399 956 2448 ratione
968 2398 1149 2449 incedendum

177 2465 321 2525 videatur,
345 2467 370 2516 si
388 2466 449 2530 quis
469 2465 641 2515 emendatius
659 2467 711 2515 hoc
731 2466 890 2532 opusculum
909 2471 1053 2530 praestare
1072 2467 1149 2530 velit,

179 2533 308 2598 exposui,
333 2533 518 2597 exemplisque
543 2534 623 2583 crisis
643 2535 678 2584 ad
696 2536 748 2584 has
767 2536 844 2596 leges
863 2540 1009 2584 revocatae
1029 2536 1151 2602 complu·

179 2601 256 2650 ribus
280 2601 449 2650 sententiam
471 2617 560 2652 meam
583 2600 698 2656 firmavi.
735 2603 842 2664 Quibus
866 2603 895 2650 in
912 2602 1022 2668 legibus
1042 2618 1103 2652 cum
1122 2608 1150 2654 51

177 2669 250 2719 haec
273 2667 372 2726 fuerit,
400 2670 539 2734 permulta
566 2671 635 2720 vitia
662 2671 726 2734 qnia
749 2687 783 2720 ex
809 2669 890 2735 siglis
914 2669 959 2720 vel
983 2670 1055 2720 notis
1078 2670 1149 2720 male

180 2735 328 2801 explicatis
353 2736 487 2801 originem
511 2736 657 2802 ducerent,
689 2739 729 2787 ita
752 2742 782 2786 ut
805 2738 876 2787 haec
899 2738 976 2802 origo
1000 2739 1149 2804 flagitaret,

178 2804 305 2854 sananda
328 2820 404 2868 esse,
433 2803 504 2870 quod
529 2807 614 2855 etiarn
636 2821 834 2872 saepenumero
859 2821 876 2854 a
899 2821 941 2854 me
969 2806 1074 2855 iactum
1097 2809 1147 2867 ¹est,

178 2873 248 2935 iam,
269 2887 329 2922 cum
349 2874 541 2937 compererim,
560 2873 762 2938 Bocchingium
780 2875 809 2923 in
828 2888 879 2922 sua
898 2873 1019 2923 editione
1038 2888 1092 2922 non
1104 2887 1147 2921 se·

177 2939 233 2989 mel
251 2942 464 3005 pronunciasse,
489 2957 550 2990 eum
569 2941 705 3004 codicem,
730 2957 764 2991 ex
788 2956 840 3006 qno
859 2941 1011 2990 Vaticanus
1028 2940 1146 3002 fluxerit,

178 3023 233 3056 non
256 3009 311 3057 sibi
332 3007 421 3059 videri
443 3011 516 3059 notis
540 3008 673 3065 refertum
696 3009 796 3072 fuisse,
822 3009 980 3058 faciendum
1001 3007 1067 3056 mihi
1086 3021 1148 3058 esse

178 3074 303 3135 videtur,
322 3080 352 3125 ut
372 3092 426 3141 qua
445 3077 479 3127 de
498 3091 584 3126 causa
603 3078 771 3126 contrariam
789 3078 946 3142 opinionem
959 3082 1069 3126 secutus
1088 3076 1149 3136 sim,

178 3143 275 3206 pandis
299 3143 327 3197 h.
345 3144 362 3193 l.
384 3144 483 3197 dicam.
523 3145 645 3194 Primum
672 3145 756 3209 igitur
785 3160 845 3194 eam
869 3141 1033 3194 confirmant
1049 3157 1150 3194 ¹omnes

176 3210 308 3261 librorum
338 3213 406 3262 iuris
438 3212 529 3262 civilis
560 3211 685 3274 codices,
716 3214 762 3277 qui
792 3229 826 3262 ex
852 3215 999 3262 remotiore
1029 3212 1152 3276 antiqui·

177 3283 237 3328 tate
266 3285 428 3344 supersunt,
457 3279 535 3330 velut
558 3279 643 3331 Gaius
666 3281 846 3342 Veronensis,
876 3281 1049 3346 Fragmenta
1070 3279 1151 3330 Vati·

180 3360 264 3408 cana,
295 3347 410 3412 Ulpiani
431 3347 674 3413 Vindobcnensia,
705 3349 901 3414 Fragmentum
930 3348 963 3400 de
992 3345 1051 3396 iure
1079 3345 1150 3398 fisci.

177 3412 287 3463 Deinde
311 3420 391 3464 notas
415 3416 483 3465 iuris
505 3430 558 3464 nec
581 3422 697 3466 senatus
719 3416 748 3464 in
772 3415 858 3481 gestis
882 3430 907 3463 a.
928 3417 987 3466 438.
1008 3416 1042 3464 ab
1063 3415 1151 3466 Theo-

178 3479 288 3530 dosiani
306 3479 417 3550 Codicis
436 3482 640 3546 exemplaribus
661 3485 759 3535 abesse
778 3481 925 3539 voluisset,
948 3497 1000 3531 nec
1018 3482 1152 3532 Iustinia-
