2634 3960
451 231 598 286 aratrum
617 217 833 282 cocaarrortvrul

866 349 868 357 ,
1161 355 1163 360 ,
1247 338 1284 355 ,νε

156 370 227 418 tioui
245 368 409 434 satisfieret,
430 368 550 416 additam
576 383 644 417 esse.
682 368 760 429 Quod
779 385 845 418 vero
870 373 933 418 octo
953 369 1054 433 gradus
1072 385 1121 418 nu-
1162 359 1177 408 s
1221 354 1280 433 t

157 440 310 496 merantur,
331 437 411 498 quasi
434 441 476 484 tot
493 441 611 484 naturae
629 435 693 499 lege
717 441 785 498 sint,
810 438 866 484 iem
890 436 1122 486 commendandae

159 503 231 567 legis
250 503 465 552 ecclesiasticae
486 518 570 552 causa
595 503 698 552 factum
718 509 848 568 apparet,
868 519 937 566 quae
957 505 1141 568 aequissime,
1244 506 1276 571 ξς,

104 621 107 628 Δ
160 573 264 634 primos
284 575 413 633 quattuor
432 570 547 620 coelesti
565 570 755 632 prohibitioni,
775 569 879 620 alteros
891 572 1019 619 terrestri
1037 571 1123 620 licen-

158 639 217 686 tiae
238 637 425 702 adscripserit.
450 638 509 686 Iam
529 644 559 686 ut
576 637 796 686 illudhircinum
809 637 979 687 matrimonii
990 637 1141 702 iungendi¹

158 703 310 767 symbolum
334 705 492 753 clericalem
516 705 573 754 olet
597 705 764 752 matrimonii
787 709 970 770 contemtum,
995 706 1029 753 ab
1050 707 1122 756 anti-

155 773 265 834 quitate
284 772 368 836 plane
388 773 525 833 alienum,
545 774 586 822 ita
605 789 657 821 nec
675 774 717 820 rei
734 772 946 821 matrimonialis
966 774 1058 836 gratia
1075 789 1122 822 ve·

157 846 231 888 teres
258 841 452 903 cognationum
482 840 582 903 gradus
606 840 697 889 verbis
722 855 859 902 exponere
883 839 927 889 vel
954 841 1122 904 imaginibus

157 906 297 956 illustrare
316 921 436 970 unquam
461 907 537 956 soliti
560 912 631 956 sunt,
667 908 771 970 Legem
794 923 858 956 vero
883 906 962 956 illam
987 907 1122 957 ecelesia-

155 973 256 1021 sticam
275 977 374 1024 octavo
393 974 499 1022 demum
520 974 614 1023 seculo
633 975 661 1022 in
680 989 764 1038 regno
776 975 951 1022 Franconioo
970 974 1121 1041 invaluisse

156 1045 251 1089 notum
271 1044 322 1102 est,
340 1041 412 1089 unde
431 1056 482 1090 nec
502 1045 618 1090 stemma
636 1042 721 1103 priori
740 1043 856 1103 tempori
869 1041 1007 1105 assignari
1020 1048 1120 1106 potest.

157 1106 211 1155 sed
230 1109 253 1155 si
272 1123 306 1156 ea
325 1108 358 1156 de
379 1123 464 1156 causa
482 1108 563 1157 nobis
581 1109 609 1157 id
628 1107 808 1156 omittendum
827 1108 889 1170 fuit,
908 1123 963 1156 non
982 1109 1066 1158 etiam
1086 1110 1120 1159 ab

156 1174 191 1224 iis
215 1175 320 1238 negligi
342 1174 440 1238 velim,
468 1175 515 1237 qui
537 1175 570 1224 de
594 1175 725 1238 graduum
754 1175 959 1238 computatione
986 1179 1121 1226 canonica

157 1246 331 1304 scrutantur,
359 1243 387 1290 in
415 1255 495 1306 quam
523 1258 579 1291 rem
606 1241 635 1290 id
663 1243 756 1304 magni
780 1243 911 1290 momenti
939 1257 1013 1304 esse,
1042 1259 1120 1292 nemo

154 1324 210 1358 non
228 1309 313 1359 videt.

536 1427 740 1435 ——.-—-—

171 1579 425 1635 rooorruouus
449 1579 600 1635 coruom
623 1580 665 1633 ao
689 1559 825 1634 smnio
848 1535 1097 1638 ooaotrroovo.

224 1725 243 1788 ¹)
265 1712 344 1777 lintris
363 1736 402 1777 aot
419 1729 509 1776 sororis
527 1729 591 1775 tilius
609 1735 649 1774 aut
667 1727 716 1774 ntia
734 1726 800 1778 Isid.
820 1729 878 1778 edd.
950 1727 970 1788 2)
990 1729 1034 1778 Ita
1055 1731 1119 1779 Corr—
1267 1698 1277 1711 ’Δ

153 1798 205 1844 tias
228 1802 254 1844 et
271 1796 370 1844 Isidori
393 1797 451 1845 edd.
470 1797 617 1858 pleraeque.
656 1791 713 1843 Otto
736 1801 819 1842 tameo
841 1810 876 1844 ea
894 1797 1001 1844 Areoati
1024 1798 1064 1847 ed.
1085 1805 1118 1854 et,

155 1871 182 1911 at
199 1865 323 1922 suspicor,
342 1864 377 1924 ej.
398 1864 423 1911 ia
440 1863 488 1911 tlon
506 1865 586 1913 locato
601 1861 686 1910 dedit:
704 1868 800 1923 patruus
818 1875 924 1922 magone,
943 1865 1013 1911 amita
1027 1878 1118 1924 magna,

154 1932 283 1978 auunculus
302 1945 412 1990 magnus,
431 1936 555 1977 matertera
575 1943 671 1988 magna:
696 1943 760 1992 qaae
778 1929 889 1990 vulparia
913 1935 951 1976 est
969 1930 1042 1978 haias
1058 1946 1118 1994 pra-

154 1998 203 2044 das
221 1998 370 2058 appellatio.
406 1995 460 2046 Sed
476 2004 502 2045 et
520 1999 582 2055 alta,
608 1997 715 2060 quaein
734 2001 883 2058 agnatorum
903 1999 1033 2058 personis,
1055 2014 1120 2061 qaae

152 2066 296 2126 parentiam
320 2067 373 2113 loeo
396 2071 466 2123 saat,
490 2066 607 2124 eaodem,
636 2064 678 2128 qui
699 2064 726 2111 ia
745 2063 897 2124 parentibus
920 2065 1030 2112 traditas
1054 2073 1118 2123 erat,

154 2145 247 2180 acorem
264 2130 426 2188 observabat,
447 2133 576 2180 eastitisse
595 2146 709 2195 eamque,
729 2136 756 2178 at
778 2136 912 2194 sequentes
929 2131 1000 2180 haias
1017 2132 1120 2194 pe'aeris

152 2200 250 2262 pradia
268 2205 407 2256 testantur,
426 2202 561 2248 stemmatis
579 2199 680 2247 huiusce
699 2205 789 2246 auctor
806 2205 907 2247 seratas
929 2213 985 2247 erse
1010 2201 1119 2251 videtur.

153 2265 177 2326 ³]
197 2268 278 2316 fratris
297 2273 335 2314 aut
353 2267 443 2316 sororis
461 2266 527 2314 Isid,
546 2267 604 2314 edd.
674 2263 695 2326 4)
715 2265 760 2313 Ita
779 2265 850 2314 Cant.
872 2263 977 2326 (tantam
996 2275 1119 2315 matertera

154 2350 200 2384 ma.
220 2341 412 2397 promatertera
431 2332 529 2395 maior);
549 2341 696 2397 propatruus,
716 2335 840 2396 proamita,
860 2335 1043 2396 premonemur,
1062 2351 1118 2398 pro·

154 2409 279 2450 matertera
297 2401 363 2451 Isid.
383 2401 441 2452 edd.
478 2400 580 2448 Scilicet
598 2403 647 2459 iam
665 2400 766 2448 librarii
783 2403 936 2462 scriptoram
953 2403 1052 2464 ordgari
1069 2418 1116 2465 ap-

152 2471 287 2532 pellationi
310 2469 570 2519 accommodaverant.
675 2467 694 2528 ⁵)
723 2469 859 2531 propriores
880 2469 948 2518 Isid.
973 2471 1012 2517 ed.
1033 2467 1116 2518 Ottoa.

154 2535 175 2598 6)
196 2537 286 2585 sobrini
305 2539 416 2586 sobrinae
434 2537 501 2598 Isid.
521 2537 579 2586 edd.
597 2535 731 2596 manifesto
750 2537 818 2584 vitio.
898 2534 919 2598 ⁷)
939 2538 1019 2585 fratris
1038 2545 1060 2584 et
1079 2553 1118 2586 so-

154 2605 217 2652 roris
234 2603 300 2652 lsid.
318 2606 375 2652 edd.
445 2603 466 2666 8)
485 2603 530 2652 Ita
550 2603 624 2652 Ooat.
644 2601 749 2664 (tantam
767 2609 885 2652 materter.
904 2619 953 2665 pro
967 2603 1116 2668 matertera);

153 2671 292 2734 abpatruus,
312 2672 425 2729 altamira,
450 2673 622 2728 abauunoulus,
646 2671 803 2719 abmatertera
822 2672 861 2718 ed.
880 2671 946 2720 laid.
978 2669 1062 2720 Ottoa.
1083 2687 1117 2720 ea

153 2739 260 2789 Areoat.
279 2739 336 2792 ed.,·
353 2739 443 2802 abique
462 2740 503 2787 ad·
518 2755 570 2802 pro
589 2739 630 2786 ab·
648 2746 759 2788 ceterae.
864 2735 1045 2801 ⁹),propatruus
1063 2755 1119 2800 pro-

86 2861 88 2865 ,
152 2807 239 2854 amitae
262 2802 312 2867 (oet
329 2804 468 2869 proamitae)
486 2806 641 2868 proauuoouli
659 2807 701 2864 lilii
722 2805 916 2869 (promaterterae
933 2807 993 2853 add.
1013 2806 1119 2854 Areoat.

152 2881 179 2924 et
198 2871 266 2936 Otto)
291 2874 355 2923 filiae
377 2873 441 2922 Isid.
461 2874 519 2923 edd.
625 2870 656 2934 ¹⁰)
680 2872 795 2934 Scripta
818 2873 952 2937 Proponit,
977 2873 1120 2930 Praemitae,

153 2943 309 2990 Proauuocnli
328 2956 401 3004 nepos
420 2941 506 3003 neptis.
532 2940 610 2987 idest
632 2940 750 2998 sobrinus,
771 2941 866 2989 sobrina
885 2940 957 2991 Coat.
988 2942 1117 3003 propatrui,

152 3011 294 3071 proamitae,
312 3009 468 3073 proauunculi
487 3020 561 3070 nepos
579 3009 655 3063 neptis
673 3006 737 3053 Isid.
758 3008 815 3055 edd.
890 3006 910 3070 1)
930 3009 1080 3057 sobrinarum
1098 3015 1119 3055 et

152 3077 301 3126 sobrinarum
315 3079 358 3126 otii
372 3079 408 3126 uel
423 3077 486 3125 filiae
497 3075 563 3122 Irid.
577 3073 636 3121 edd.
706 3070 727 3133 ²)
748 3074 827 3120 tratrts
840 3082 860 3122 et
874 3077 963 3124 sororis
979 3075 1042 3124 Isia.
1058 3076 1116 3123 edd.
