2634 3960
1127 17 1149 60 ,ι

1118 67 1128 80 ,μ
1144 59 1156 78 ,.

431 179 493 213 αιη
514 179 616 214 rusam.
636 166 665 214 ll.
685 165 830 215 ata—230.
1064 163 1153 216 195.

148 327 190 377 est
208 321 252 376 lex
267 319 360 382 Furia,
379 337 444 393 qua,
462 322 580 394 exeeptis
596 321 719 394 personis
741 317 916 393 quibusdam,
938 321 1035 376 ceteris
1051 321 1125 394 plus,¹
1217 389 1220 396 μ

38 409 44 414 ’
145 405 208 462 mile
231 397 337 460 assaltus
360 404 513 478 legatorum
539 407 649 461 nomine
669 405 800 460 mortisue
825 420 905 460 eausa
925 420 1020 478 capere
1049 422 1116 478 per·
1142 437 1143 440 =
1178 461 1181 466 μ
1207 397 1298 482 j'ssssj'fssj·

17 517 19 534 ι
121 492 329 549 ¹missumnon
346 496 395 544 est.
442 488 489 544 sed
512 497 539 544 et
561 489 626 546 haee
646 489 760 545 lernou
775 488 904 562 persenit.
922 488 1111 562 quoduoluit:
1149 553 1151 559 μ

84 593 87 600 “
147 577 193 648 qui
209 575 279 630 enim
298 573 373 630 uerbi
389 575 475 647 gratia
491 575 610 646 quinque
625 573 727 629 milium
743 575 811 630 aeris
826 575 1018 647 patrimonium
1034 572 1114 629 habe·
1176 575 1194 646 ¹]
1251 568 1299 647 a

145 660 203 722 hat,
220 666 328 731 poterat
344 659 463 731 quinque
479 657 632 714 hominibus
648 659 762 732 singulis
778 658 892 714 milenos
908 675 980 714 asses
995 657 1113 732 legando
1226 656 1298 740 ζμ

147 751 234 820 totum
255 743 446 816 patrimonium
468 759 590 816 erogare.
636 737 705 799 226.
729 742 794 798 ldeo
813 753 909 816 postea
930 743 984 798 lata
1005 749 1046 798 est
1067 741 1112 798 lex
1206 743 1210 754 ²

145 817 277 889 Voconia,
295 843 348 900 qua
365 834 474 882 sautum
489 833 544 889 est.
561 843 596 883 ne
611 828 654 883 cui
668 827 730 900 plus
745 826 898 901 legatorum
910 829 1027 883 momine
1042 843 1114 882 mor·
1133 833 1135 838 ’
1181 847 1183 850 ’
1208 825 1225 874 :³

44 941 46 947 ’
146 915 217 969 tisue
233 927 312 967 eausa
328 927 423 985 capere
438 911 540 974 liceret,
554 928 633 984 quam
648 911 762 967 heredes
779 920 919 986 caperent:
936 929 968 968 er
983 928 1036 986 qua
1050 911 1113 985 lege
1152 911 1153 914 ’

145 997 226 1071 plane
248 995 357 1069 quidem
379 996 479 1069 aliquid
500 991 595 1068 utique
617 995 729 1052 heredes
752 996 850 1052 habere
870 996 1043 1059 uidebantur;
1066 997 1123 1062 sed¹
1205 991 1206 994 ’

145 1091 237 1138 tamen
251 1079 347 1135 uitium
368 1080 455 1136 simile
477 1078 650 1136 nascebatur:
672 1081 781 1136 namin
801 1081 899 1136 multas
920 1069 1125 1154 legatariorum¹
1179 1131 1180 1134 ,
1243 1121 1290 1158 ,

146 1180 279 1241 personas
306 1163 451 1221 distributo
477 1165 641 1238 patrimonio
667 1165 673 1184 ’
681 1171 789 1238 poterat
816 1162 968 1236 (testator)
982 1157 1021 1197 ¹⁷⁶
1047 1165 1114 1220 adeo
1151 1207 1152 1210 ¹

91 1261 95 1268 ·
147 1249 241 1306 heredi
262 1249 401 1304 minimum
422 1249 590 1322 relinquere.
613 1255 643 1304 ut
663 1265 718 1304 non
742 1248 880 1321 expediret
900 1249 1009 1312 heredi,
1032 1249 1112 1306 huius
1186 1303 1187 1306 ,
1267 1305 1288 1328 μ

146 1335 214 1391 lucri
231 1328 325 1411 gralda
340 1334 425 1389 totius
440 1333 597 1394 hereditatis
615 1349 698 1388 onera
712 1336 858 1388 sustinere.
899 1328 965 1390 227.
991 1332 1056 1388 Lata
1072 1340 1180 1390 est113.

145 1421 238 1494 itaque
261 1417 304 1473 lex
319 1415 449 1482 tarcian,
475 1435 526 1491 qua
547 1423 654 1473 cautum
676 1425 731 1482 est,
754 1434 789 1472 ne
809 1417 871 1491 plus
892 1418 960 1473 'ciui
982 1419 1113 1474 Romano
1140 1473 1142 1476 ,
1174 1429 1175 1432 ’
1243 1399 1297 1422 '³‘

146 1495 258 1578 legare⁷
274 1502 352 1558 liceat
368 1518 446 1574 quam
463 1501 638 1558 dodrantem:
659 1504 750 1577 itaque
770 1518 882 1558 neeesse
904 1510 959 1564 est.
981 1510 1011 1558 ut
1031 1502 1112 1557 heres
1267 1487 1300 1522 ‘¹

147 1596 269 1662 quartam
283 1595 387 1659 partem
402 1587 558 1642 hereditatis
574 1585 683 1642 haheat:
705 1594 732 1643 et
747 1586 800 1642 hoe
821 1605 898 1644 nane
918 1589 978 1642 iure
1001 1587 1110 1642 utimur.
1252 1637 1257 1650 „
1273 1633 1296 1654 μ

146 1667 216 1729 228.
244 1671 274 1726 ln
302 1670 471 1726 libertatibus
499 1687 608 1744 quoque
633 1671 727 1727 dandis
753 1673 860 1726 nimiam
885 1673 1023 1728 licentiam
1047 1687 1112 1727 eon·
1196 1711 1197 1714 η
1247 1697 1300 1726 .

146 1756 252 1830 pesouit
267 1756 310 1810 lex
325 1754 405 1822 Furia
420 1754 541 1818 Caninia,
562 1757 632 1813 sieut
652 1757 680 1811 iu
701 1757 789 1829 primo
811 1757 1004 1812 commentario
1025 1764 1112 1812 rettu·
1236 1771 1238 1778 ’
1267 1753 1290 1782 ‘³‘

146 1842 236 1897 limus.

210 1942 252 1980 nn
267 1939 449 1981 ruvrrnrrnn
463 1939 610 1981 anatome
625 1939 770 1982 nneauus.
816 1920 885 1982 229.
910 1925 980 1979 Ante
1000 1922 1109 1978 lteredis

146 2010 344 2065 institutionem
365 2009 497 2064 inutiliter
516 2009 638 2082 legatur,
667 2009 768 2064 scilieet
790 2011 851 2082 quia
871 2016 1034 2072 testamenta
1054 2009 1109 2062 uirn

148 2111 181 2150 ex
195 2094 367 2148 institutione
382 2093 489 2149 heredis
506 2094 654 2166 accipiunt,
677 2100 705 2148 et
720 2092 754 2149 ob
769 2093 796 2148 id
812 2093 889 2148 uelut
904 2099 985 2165 eaput
1006 2100 1033 2147 et
1049 2091 1109 2147 lun·

147 2178 299 2233 «lamentum
326 2177 496 2252 intellegitur
526 2179 611 2233 totius
641 2179 796 2233 testamenti
825 2177 932 2234 heredis
961 2177 1107 2232 institutio.

146 2257 217 2319 230.
241 2261 300 2316 Pari
316 2264 424 2318 ratione
440 2280 489 2318 neo
511 2261 620 2318 libertas
636 2270 697 2317 ante
712 2261 819 2317 heredis
840 2263 1038 2318 institutionem
1054 2260 1109 2316 dari

142 2497 312 2558 praestolet,
326 2497 395 2560 qaod
403 2497 581 2558 proposuimus
593 2499 601 2526 ‘
611 2497 704 2546 Gaiaa'
721 2512 749 2560 p.
762 2505 795 2547 50.
818 2511 892 2560 quare
904 2496 962 2545 edd.
1012 2491 1053 2558 ι76)
1066 2493 1113 2543 Ex

145 2561 196 2625 Bp.
212 2557 341 2628 (Goeselr.)
360 2564 395 2625 ej.
408 2565 499 2613 addidi
512 2559 570 2626 (red
580 2569 694 2624 notatam¹
705 2565 826 2627 tfaailiar
837 2563 861 2612 a.
875 2566 890 2615 l.
905 2564 1026 2612 arridere
1038 2569 1113 2626 pote·

145 2634 189 2678 rat
207 2645 292 2694 qaam,
311 2646 359 2694 qao
378 2630 483 2682 Goeaelt.
500 2631 529 2680 id
542 2632 688 2695 supplebat,
705 2639 764 2680 ante
777 2648 800 2682 a.
813 2631 861 2693 ut);
880 2637 988 2695 poterant
1005 2632 1046 2680 ed.
1060 2629 1110 2694 Bp.

144 2704 236 2761 poterat
249 2713 272 2750 a.
285 2697 309 2746 h.
323 2713 354 2748 m.
368 2699 471 2761 relinqui
485 2699 522 2748 rei
533 2714 587 2748 mea
603 2701 638 2762 ej.
651 2699 762 2749 ‘Gaiae'
778 2715 807 2764 p.
821 2707 854 2748 5⁰.
902 2696 923 2762 ⁷)
943 2700 964 2748 ei
978 2697 1005 2750 G.
1025 2704 1050 2747 et
1069 2699 1110 2748 ed.

145 2780 202 2814 mea
213 2766 300 2828 prior,
318 2765 361 2815 abi
372 2773 531 2816 notaveram:
549 2769 617 2831 qaod
631 2781 696 2816 nana
716 2763 779 2830 (eum
798 2769 939 2816 ‘testator'
956 2763 1109 2828 praecedat)
1129 2789 1130 2793 =

141 2832 213 2896 ferri
219 2839 314 2896 potest.
328 2835 419 2894 elegere
428 2836 467 2884 ed.
476 2833 526 2898 Bp.
540 2835 564 2882 h·
572 2835 730 2897 (hereditatis)
738 2836 817 2896 legare
826 2850 881 2884 mea
890 2834 925 2896 ej.
934 2833 1035 2883 ‘Gaias’
1040 2843 1110 2897 pat.

134 2901 195 2970 ‘ciui
205 2901 311 2950 Romano
325 2903 413 2962 legare]
427 2903 467 2952 ed.
479 2901 529 2965 Bp.
540 2911 560 2956 5.
574 2918 647 2967 quom
658 2918 723 2952 nana
734 2917 837 2968 sequor,
851 2901 894 2954 ahi
904 2902 1030 2965 apparuit
1042 2903 1069 2950 ia
1083 2901 1109 2952 0.

17 3005 23 3040 l
144 3037 153 3042 -
169 3037 177 3042 .
191 3037 325 3042 ω.--

144 3130 171 3183 4,
185 3129 218 3170 23¹
241 3122 299 3185 Uip.
315 3130 337 3179 l,
350 3131 371 3170 2.
391 3130 428 3178 28,
442 3132 462 3170 t.
485 3121 531 3171 Fr.
548 3121 608 3174 Vat.
622 3130 666 3171 301.
692 3122 772 3172 Varr.
783 3122 877 3188 frapm.
892 3120 934 3173 lib.
947 3120 1007 3170 III.
1021 3121 1053 3170 de
1065 3122 1110 3172 ait.

139 3204 206 3253 pop.
225 3189 295 3239 llam.
314 3191 354 3239 ed.
373 3189 434 3253 Bip.
450 3206 477 3253 p.
492 3198 547 3238 247.v
608 3185 634 3255 5
652 3191 711 3239 226.
737 3190 776 3253 Of.
794 3190 862 3242 last.
880 3197 906 3240 et
926 3189 1037 3252 Tlteopd.
1055 3189 1072 3236 l.
1085 3203 1108 3238 e.

142 3257 192 3306 Lex
204 3257 319 3316 Voconia]
333 3273 358 3309 a.
370 3274 394 3306 a.
409 3267 454 3310 595.
476 3257 517 3320 Os.
531 3256 558 3320 3.
572 3265 619 3307 2ῑ4.
689 3255 714 3332 5
728 3259 786 3308 227.
807 3260 842 3308 lex
856 3258 973 3314 Falcidia]
988 3271 1012 3304 a.
1025 3271 1049 3303 a.
1063 3263 1109 3302 714.

144 3324 337 3388 calmeta.
359 3322 1111 3389 deponat.Epa.a,o.Paar.a,o.§.1.L.1pr.1).

142 3393 181 3442 acl
190 3393 206 3440 l.
218 3392 291 3444 Fata.
306 3391 354 3455 (35,
367 3391 400 3455 2).
481 3390 506 3460 5.
520 3395 579 3442 228.
603 3392 642 3456 Of.
656 3401 680 3453 1,
693 3402 718 3442 42
729 3409 783 3458 aeq.
865 3389 892 3457 5.
907 3393 965 3441 229.
989 3390 1030 3453 Cf.
1051 3387 1110 3452 alp.
1266 3427 1267 3432 ,
1284 3403 1300 3462 *l

142 3467 177 3520 aa,
191 3467 223 3510 ta.
237 3457 264 3524 3.
277 3469 312 3509 aa.
323 3460 350 3510 Ι.
364 3461 396 3510 de
408 3461 483 3526 tepet.
499 3457 528 3524 (a,
541 3459 586 3524 ro).
648 3457 672 3527 5.
688 3463 746 3511 230.
758 3479 793 3504 =
806 3459 834 3524 8.
848 3468 881 3509 aa.
895 3459 919 3508 Ι.
930 3461 975 3508 tit.
996 3457 1037 3519 Of.
1052 3457 1111 3520 Ulp.
1281 3489 1283 3498 .

847 3543 911 3604 13*
