2634 3960
345 463 523 525 VLPIANI
545 462 739 540 puerove
760 461 1039 522 FRAGMENTA.
1229 423 1235 430 ’
1292 217 1305 524 i

276 617 300 674 1.
327 610 474 690 ¹Ulpianus
496 616 564 672 libro
586 617 618 671 arl
639 617 756 673 edietum
778 624 854 672 sesto
876 615 926 670 sub
948 616 1029 671 titulo
1057 613 1106 684 Qui
1129 633 1181 687 pro

125 707 126 710 ’
214 704 272 760 aliis
288 719 322 758 ne
337 701 477 775 postulent
493 702 531 756 sie
546 701 644 756 refert:
667 701 838 756 ‘inueninaus
855 699 925 773 apud
948 707 1068 762 ueteres,
1086 699 1182 756 mulie·

13 773 26 810 ³³
215 792 252 843 ris
268 786 448 860 appellatione
464 786 543 840 etiarn
560 787 694 858 uirginem
709 785 865 841 contineri!

278 869 307 927 2.
332 862 478 944 ²Ulpianus
500 870 527 923 in
548 869 618 925 libro
640 869 726 924 XLVI.
749 870 781 925 ad
803 867 935 924 edietum:
957 867 1067 940 Siquis
1089 869 1183 940 proui-

215 958 287 1012 1nior
302 962 434 1028 cognatus
450 955 522 1008 nasci
538 962 673 1027 speretur.

279 1035 306 1094 3.
326 1031 472 1112 3Ulpianus
489 1045 577 1092 tarnen
593 1039 625 1093 ad
638 1037 764 1093 Sabinum
780 1037 902 1094 futurum
915 1037 1087 1092 ‘fruiturum'
1103 1036 1180 1092 dixit.

283 1204 371 1252 ‘Liber
390 1205 418 1252 de
436 1205 516 1252 oltleio
535 1203 708 1266 proconsulis’‚
728 1205 766 1267 qui
785 1203 810 1252 iu
830 1203 947 1252 veteribus
966 1203 1101 1264 glossariis,
1128 1209 1183 1265 post

216 1273 276 1322 alios
295 1287 307 1320 a
327 1271 353 1320 C.
373 1271 482 1320 labbaeo
501 1271 543 1318 sub
562 1271 630 1320 titulo
649 1271 755 1332 ‘Cyrilli,
774 1271 897 1320 Philoxeni
911 1271 1060 1333 aliorumque
1074 1269 1181 1318 Veterum

217 1340 337 1389 Glossaria
356 1339 546 1388 LatinoGraeca
571 1345 593 1386 et
611 1339 815 1389 Graeco-Latina'
836 1339 974 1400 compositis
997 1345 1020 1386 et
1038 1337 1112 1386 Paris.
1133 1345 1183 1386 1619

217 1407 286 1456 editis
305 1407 383 1454 statim
402 1406 432 1454 ab
451 1406 518 1455 initio
542 1406 640 1455 vocibus
658 1407 750 1456 Latinis
773 1406 972 1470 sequentibusque
991 1405 1090 1454 Graecis
1109 1405 1182 1454 iuter·

217 1474 390 1537 prolationibus
409 1473 532 1536 aliquoties
551 1472 690 1522 interiectus
709 1474 805 1534 legitur,
825 1480 860 1521 est
883 1475 935 1522 sine
953 1473 1025 1522 dnbio
1044 1473 1135 1536 Ulpiani
1156 1487 1183 1519 ex

218 1542 320 1600 Digestis
339 1548 361 1588 et
379 1541 473 1589 aliunde
497 1541 634 1589 notissimus
658 1536 726 1589 liberss
764 1541 811 1589 Nec
836 1549 913 1589 tamen
938 1548 1003 1589 certo
1027 1547 1134 1603 apparet,
1154 1540 1184 1587 ad

219 1622 276 1671 quas
295 1623 377 1662 voces,
396 1609 563 1658 antecedentes
586 1623 615 1657 an
635 1615 758 1672 sequentes
777 1615 799 1656 et
818 1615 874 1672 quot
897 1622 923 1656 ex
941 1609 972 1657 iis
991 1607 1052 1656 liber
1069 1607 1110 1656 ille
1127 1621 1182 1670 per·

218 1677 299 1732 tinent,
318 1683 342 1724 ut
362 1676 417 1724 inde
434 1677 521 1740 petitae
540 1676 587 1725 dici
606 1678 707 1739 possint.
732 1676 848 1733 Quocum
867 1676 972 1734 accedat
991 1683 1016 1724 ut
1031 1676 1100 1738 ipsae
1112 1689 1184 1724 voces

219 1745 471 1807 interpretationesque
490 1757 570 1793 earum
588 1745 713 1806 pleraeque
730 1758 816 1807 parum
834 1744 943 1792 utilitatis
961 1749 1091 1806 praestent,
1111 1742 1182 1789 omit-

219 1812 301 1860 tendas
321 1826 361 1859 eas
380 1812 442 1860 duni.
469 1812 502 1860 De
520 1811 579 1874 ipsis
597 1812 645 1860 illis
663 1812 787 1872 glossariis
806 1826 878 1874 nuper
896 1811 965 1859 docte
977 1809 1102 1873 disputarit
1113 1811 1139 1858 Α.
1155 1809 1182 1857 F.

218 1879 354 1928 lludorfius.
373 1880 451 1928 Berol.
465 1886 523 1926 1666
541 1886 562 1926 4.

289 2046 308 2111 ¹)
327 2047 413 2105 Haec,
433 2062 498 2111 quae
515 2053 665 2110 sequuntur,
685 2053 788 2104 extant,
812 2053 935 2109 corrupta
955 2053 1048 2105 tanuen,
1067 2047 1093 2094 in
1111 2043 1184 2101 libro,

220 2117 260 2166 cui
277 2117 424 2178 inscriptum
446 2121 485 2162 est
502 2111 680 2177 ‘Spicilepium
697 2111 855 2164 Solesmenee
873 2149 879 2162 .
895 2149 901 2161 .
917 2150 923 2161 .
938 2150 944 2162 .
962 2121 1068 2164 curante
1087 2113 1183 2162 Damno
1245 2117 1249 2124 '

220 2183 244 2231 I.
257 2183 291 2232 B.
305 2183 389 2232 Pitra.
418 2181 445 2233 Τ.
459 2181 484 2229 Ι.
508 2182 595 2230 Paris.
614 2185 682 2230 issi)
700 2198 727 2244 p.
741 2190 809 2238 282„r
825 2181 907 2244 ibique
931 2182 1074 2231 tribuuntur
1091 2181 1188 2230 Parati

220 2251 283 2300 libro
296 2250 320 2299 I.
340 2251 461 2298 adversus
473 2248 652 2312 Porpirprium.
685 2249 814 2310 Correxit,
834 2249 1007 2314 diuersumque
1025 2249 1089 2298 iuno
1106 2249 1186 2298 iocum

220 2336 236 2366 a
254 2318 388 2378 consimili,
407 2319 450 2380 qui
473 2331 508 2364 ecc
530 2313 571 2364 tib.
595 2316 660 2365 VII.
680 2318 717 2365 orl
739 2317 846 2366 edictum
867 2317 984 2376 refertur
1005 2318 1032 2366 in
1049 2316 1081 2365 L.
1102 2324 1125 2365 ta
1142 2331 1183 2379 pr.

220 2386 254 2432 D.
274 2386 305 2434 de
322 2383 390 2433 verb.
409 2385 473 2446 ripn.
495 2379 606 2445 (5616),
626 2385 662 2432 ad
679 2399 723 2448 aa,
743 2399 807 2447 quae
828 2383 952 2446 Ulpianus
970 2385 1002 2434 L.
1023 2393 1043 2432 1.
1064 2381 1092 2445 S.
1111 2393 1132 2435 5.
1150 2383 1186 2431 D.

222 2453 253 2500 dc
269 2452 364 2514 pastui.
385 2455 419 2513 (3,
441 2449 461 2512 t)
481 2456 588 2509 tractat,
604 2452 739 2514 pertinere
757 2453 842 2500 docuit
860 2453 895 2507 is,
915 2453 958 2516 qui
973 2453 1070 2516 primus
1088 2465 1143 2500 eum
1160 2451 1184 2498 in

223 2518 358 2567 Germania
368 2517 465 2581 publici
476 2519 538 2567 iuris
549 2518 620 2580 fecit,
638 2518 778 2582 Boeckinp.
793 2520 832 2568 ed.
849 2518 1085 2582 Utp.srapm.1855.
1099 2533 1125 2581 p.
1141 2525 1186 2568 tar.

221 2585 242 2648 ²)
262 2584 347 2634 Ecetat
369 2586 439 2648 apud
456 2586 584 2636 Priscian.
602 2595 625 2642 3,
645 2595 677 2634 tt.
701 2602 729 2648 p.
747 2594 783 2634 607
802 2585 905 2638 Puteola.
931 2603 960 2648 p.
978 2595 1011 2636 tt.
1031 2587 1071 2638 ed.
1091 2585 1183 2636 Hertz·

221 2653 263 2701 ubi
281 2659 320 2702 eet
337 2661 481 2705 nasceretur.
510 2653 631 2702 Correxi
648 2669 683 2702 ecc
700 2654 733 2706 L.
748 2663 767 2702 1.
787 2651 812 2716 S.
827 2662 847 2702 8.
865 2654 898 2702 J).
918 2655 984 2703 unde
1002 2668 1074 2717 copn.
1095 2649 1139 2715 (66,
1154 2650 1186 2715 8),

222 2719 264 2768 nbi
281 2722 379 2784 inteper
396 2723 467 2770 iocus
485 2722 585 2784 lepitur.
637 2719 658 2778 ³)
679 2719 764 2770 Extat
782 2721 854 2784 apud
866 2721 993 2770 Pramum.
1012 2730 1045 2784 16,
1060 2729 1092 2773 ta.
1109 2736 1137 2784 p.
1150 2727 1187 2768 863

222 2788 325 2838 Pulsate.
342 2805 371 2852 p.
383 2795 428 2838 506.
448 2790 488 2837 ed.
507 2788 599 2838 Hertz.
630 2787 730 2838 Vereor
748 2795 838 2845 tamen,
857 2804 888 2838 ne
906 2791 928 2837 is
945 2789 1011 2837 inne
1029 2802 1126 2852 quoque
1144 2801 1187 2836 aa·

222 2871 274 2904 cem
296 2863 391 2906 tantum
413 2872 448 2905 ecc
470 2856 583 2920 Dtpeetie
607 2854 650 2913 (L.
670 2864 702 2903 12.
725 2856 758 2909 J).
781 2856 864 2918 uausr.
887 2858 1025 2920 quemnam.
1047 2859 1101 2904 cau.
1122 2862 1146 2910 7,
1165 2861 1187 2902 9.

223 2923 293 2986 turp.
312 2924 354 2972 tib.
374 2923 489 2973 XVIII.
510 2925 546 2972 ad
562 2922 682 2971 Sabinum
690 2922 709 2985 ²)
728 2925 851 2982 sumserit,
867 2925 977 2986 perinde
995 2937 1026 2972 aa
1043 2921 1132 2985 Lydus
1150 2921 1185 2968 ai·

222 2992 297 3048 aritia,
317 3007 381 3055 quae
399 3007 434 3040 ex
451 2991 562 3054 antiquis
580 2991 758 3040 iureconsultis
776 2994 877 3054 atleput.

595 3226 830 3236 ——ffl-
