2634 3960
167 172 217 220 214
455 185 517 220 oin
537 185 642 223 missis.
660 173 701 222 til.
721 174 848 224 ete-33⁴.

168 327 256 399 quiin
272 325 398 400 adoptius
414 326 512 382 familia
527 334 606 389 sunt,
630 326 663 380 ad
679 328 841 386 naturalium
863 337 1005 400 porculum
1028 331 1135 410 heredi-

34 423 36 426 ·
78 451 80 456 .
154 417 249 468 ,tatem
265 410 426 483 hoceodem
442 411 528 484 gradu
544 420 685 478 uocantur.
763 412 765 416 ’
1226 479 1227 484 ¹

12 497 25 548 ἐκ
100 499 158 548 13⁶2.
204 538 209 546 .
232 489 279 552 32.
305 492 378 561 Quos
394 503 483 552 autem
498 483 617 571 praeitor
632 503 712 552 uoout
727 495 760 552 ed
771 496 956 560 hereditatem,
975 499 1002 552 hi
1018 488 1134 554 heredes
1302 497 1304 560 ζ

9 585 11 590 “
165 581 224 651 ipso
241 579 349 652 quidem
364 581 422 636 iure
437 596 493 636 non
507 583 596 652 piant.-
621 598 688 636 nom
702 589 814 653 praetor
829 581 943 652 heredes
967 581 1056 639 lesere
1079 600 1136 640 non

166 669 272 735 potest;
281 679 340 734 per
354 666 444 738 tepent
460 668 534 720 enim
549 670 660 722 tontum
675 667 721 720 uel
737 667 855 721 similem
870 667 944 722 iuris
959 672 1134 724 constitutio-

166 763 229 802 nem
245 747 366 804 heredes
379 751 466 820 piant,
484 751 577 806 ueluti
590 765 644 821 per
658 753 939 806 senatusconsultum
955 757 983 806 et
999 753 1133 808 constitu·

167 833 270 887 tionem
280 835 482 906 principalem:
498 833 546 888 sed
562 833 613 888 'eis
628 833 764 905 siquidem
775 840 886 906 praetor
901 834 947 890 dot
957 829 980 868 ¹⁰
994 836 1132 892 bonorum

165 920 379 988 possessionem,
396 919 458 982 loeo
474 917 605 974 heredum
621 918 844 974 constituuntur.

228 996 277 1058 3³.
300 1003 399 1059 Adbuc
414 1007 509 1058 autem
524 1002 590 1058 alios
607 1005 692 1058 otiam
708 1002 863 1075 complures
886 1001 989 1074 predas
1006 1009 1147 1074 praetor

163 1084 238 1155 fucit
253 1089 283 1140 in
299 1088 436 1144 bonorum
452 1085 458 1105 ’
463 1088 694 1156 possessionibus
715 1077 853 1156 dandis,¹
878 1085 944 1142 dum
959 1085 987 1142 id
1002 1090 1074 1160 ogit,
1100 1103 1135 1142 ne

166 1172 306 1240 poissins
321 1185 491 1240 successore
506 1174 656 1228 moriatur.
694 1169 727 1224 do
743 1169 840 1243 quibus
856 1171 882 1226 iu
907 1171 947 1226 bis
971 1178 1136 1226 commenta·

165 1255 210 1308 riis
227 1254 370 1313 ’consulto
386 1272 443 1310 non
466 1260 589 1324 opimus,
614 1258 682 1328 quio
706 1245 796 1310 elias²
819 1255 871 1309 hoo
893 1256 935 1309 ius
960 1262 1047 1310 totum
1071 1271 1136 1327 pro·

166 1338 231 1409 priis
254 1340 451 1400 commentariis
474 1333 697 1410 cmtplieouimus.
741 1333 811 1395 83³.
835 1338 932 1411 Ipitur
946 1333 1020 1398 lroe³
1045 1339 1134 1394 solum

138 1462 139 1465 ,
165 1421 338 1477 admonuisse
364 1419 500 1484 suffieit,⁴
527 1440 591 1479 oum
617 1426 647 1478 in
672 1425 813 1496 liegitimis
839 1421 1045 1478 hereditatibus
1073 1426 1136 1478 sola
1184 1429 1185 1432 ’

130 1525 138 1543 =
166 1510 298 1578 eopuotio
313 1522 367 1578 per
381 1505 469 1578 lepem
485 1521 533 1564 Χιι
553 1514 558 1568 Ι
575 1505 735 1564 tabularum
749 1524 806 1562 nan
821 1509 977 1579 proficeret
993 1508 1033 1563 ad
1053 1507 1137 1562 bere·

172 1635 374 1648 -.--,.-.-.-...-.-,

170 1718 198 1780 ¹⁰)
212 1719 315 1770 Malim:
328 1737 382 1770 curn
394 1721 431 1769 eis
444 1721 540 1786 quidem
552 1728 648 1785 praetor
662 1722 714 1770 dut.
735 1720 774 1781 Of.
786 1720 853 1770 Inst.
890 1719 910 1781 1)
924 1719 971 1769 Em
983 1720 1049 1772 Inst.
1063 1725 1134 1784 ‘pos-

167 1789 280 1838 sessione
292 1789 393 1838 dandu’
407 1789 465 1838 edd.
511 1785 532 1851 ²)
551 1787 673 1851 Suppleui
690 1788 725 1837 ad
739 1788 900 1845 sententium,
915 1789 1037 1851 scriptum
1051 1788 1134 1850 fluisse

152 1866 154 1869 ’
168 1861 254 1908 ratus:
264 1857 437 1908 consultotnon
446 1858 515 1916 agini·
526 1869 560 1920 qs.
568 1857 634 1906 alins.
663 1851 685 1917 8)
696 1855 763 1904 Item
771 1856 886 1918 supplevi
893 1851 1051 1919 (explicarint
1062 1857 1092 1916 ig.
1100 1855 1134 1917 b')

167 1925 314 1988 sipnumpue
326 1939 405 1976 nouae
423 1922 451 1987 8.
463 1924 524 1986 feci.
571 1921 593 1979 4)
611 1922 657 1972 Eu
674 1923 805 1972 uerborum
822 1923 950 1986 reliquiis,
970 1937 1034 1987 puae
1051 1924 1078 1972 in
1094 1938 1134 1974 se·

169 1991 299 2055 questibus
320 1992 432 2042 versibus
450 1993 600 2055 perierunt,
619 1991 728 2054 primum
750 1990 797 2040 boc
818 1991 937 2056 eollipere
959 1991 1018 2038 milti
1037 1991 1137 2050 uidcor,

171 2059 258 2108 Gaium
270 2075 321 2109 uon
332 2061 405 2109 modo
418 2064 445 2107 ut
459 2057 518 2122 Ulp.
532 2066 565 2118 28,
579 2067 599 2105 7.
613 2063 638 2106 et
650 2056 818 2108 lastinianum
830 2054 856 2120 3.
870 2066 890 2110 3.
909 2057 935 2110 Ι.
949 2059 980 2107 de
993 2055 1049 2107 bon.
1061 2072 1134 2121 poss.

170 2125 200 2187 (3,
215 2125 238 2189 9)
251 2128 375 2190 inteprum
390 2128 482 2176 seriem
498 2125 522 2176 b.
534 2126 722 2190 possessionum
737 2127 874 2174 seminalem
891 2139 942 2173 non
956 2128 1134 2188 proposuisse,
1177 2145 1186 2159 ·

168 2194 257 2244 sedne
270 2210 315 2244 eos
328 2197 434 2260 quidem,
448 2209 513 2258 qaue
525 2200 584 2257 post
596 2193 619 2245 b.
629 2208 658 2255 p.
671 2194 737 2242 unde
750 2194 853 2253 oopnati
863 2200 1017 2256 sequuntur,
1029 2207 1136 2242 comme·

168 2277 280 2312 morasse
298 2263 380 2324 (unde
398 2264 473 2312 eliam
490 2264 619 2310 ‘consulto
636 2275 686 2310 uon
703 2261 814 2323 opimus'
833 2258 942 2322 scripsi)
961 2267 987 2308 et
1003 2266 1136 2323 utramque

169 2336 245 2383 recle,
259 2345 312 2378 cum
324 2334 406 2378 celeri
414 2330 513 2394 prodas
525 2329 632 2377 nondum
644 2330 765 2391 exposito
778 2329 833 2376 iure
851 2326 971 2377 bonorum
989 2326 1136 2376 libertorum
1171 2384 1173 2390 ¹

169 2396 291 2445 tironibus
308 2397 440 2460 pcrspioui
451 2397 513 2456 ficri
529 2396 669 2458 nequirent.
701 2395 800 2444 Deinde
817 2410 876 2444 vero
900 2396 975 2444 etium
992 2409 1043 2458 pro
1065 2400 1137 2443 certo

169 2463 262 2519 liabeo,
276 2478 330 2512 eum
339 2465 458 2526 proxime
472 2464 504 2512 de
517 2461 584 2510 soto
601 2461 756 2512 Tertulliano
774 2463 931 2524 disputasse,
951 2462 1019 2526 quod
1035 2462 1074 2510 ius
1088 2462 1139 2510 nisi

170 2532 288 2593 suposito
301 2537 361 2579 onte
374 2531 428 2578 iure
440 2529 463 2578 b.
473 2529 659 2592 possessionis,
673 2531 779 2593 inteltipi
791 2544 841 2578 non
854 2535 968 2593 poterat.
1002 2528 1060 2577 Gom
1073 2530 1139 2578 enim

169 2597 289 2646 credibile
303 2613 353 2646 non
365 2602 412 2654 est,
427 2611 480 2646 eum
491 2599 558 2645 tardi
568 2597 685 2646 momenti
695 2595 793 2656 SOlum,
806 2598 856 2645 ium
870 2597 1004 2646 Hadriani
1014 2597 1137 2660 tempori·

170 2666 214 2713 bias
224 2665 320 2727 sactum
332 2665 448 2730 quodque
460 2665 496 2713 ad
507 2679 551 2714 eos
561 2665 658 2726 prodais
671 2663 694 2712 o.
705 2661 748 2727 p„
762 2678 824 2730 quos
842 2670 1002 2727 euposuerat
1009 2699 1015 2720 ‚
1027 2665 1138 2726 proprie

169 2731 313 2794 spectabat,
327 2733 424 2782 omnino
437 2733 537 2782 silentio
554 2730 738 2788 transmisisse,
757 2731 867 2780 maxime
887 2747 941 2779 cum
956 2729 1040 2780 uerbis
1053 2727 1083 2793 Si
1095 2738 1138 2787 24„

171 2800 245 2848 ‘adeo
258 2799 351 2863 quidem
369 2807 394 2847 ut
411 2815 455 2848 nee
472 2801 535 2849 inter
552 2802 667 2848 metrem’
684 2804 733 2848 etc.
752 2801 809 2850 coll.
819 2813 864 2862 pr.
882 2797 907 2846 Ι.
921 2799 953 2848 de
966 2796 1015 2850 SC.
1033 2795 1139 2846 Tertull.

170 2868 200 2926 (3,
214 2865 236 2928 ³)
251 2869 287 2916 od
297 2867 344 2917 boc
357 2869 395 2915 ias
407 2867 433 2916 in
443 2866 504 2916 XII
516 2868 687 2917 desideratum
699 2867 803 2930 dipitum
815 2867 891 2930 quasi
901 2865 1042 2915 intendisse
1054 2865 1139 2914 uideo·

171 2942 228 2988 tur,·
242 2941 291 2983 tum
303 2949 367 2999 quoe
380 2935 405 2983 in
416 2935 531 2984 versibus
542 2932 704 2999 sequentibus
716 2940 859 2997 supersunt,
874 2934 911 2982 ad
921 2932 968 2982 boc
979 2938 1076 2980 tontum
1088 2930 1137 2979 SO.

171 3001 289 3050 uidentur
299 3001 398 3065 referri
406 3017 494 3066 posse.
522 3001 615 3050 Verum
627 2997 674 3050 boo
686 3007 713 3048 ut
726 3007 868 3065 appareat,
882 3001 1035 3049 restituendi
1046 3013 1140 3054 eorum,
1175 3063 1177 3070 Α

172 3071 295 3133 quaedam
307 3085 323 3118 o
337 3070 481 3120 Goesobeno
493 3075 632 3126 mutuatus,
645 3071 785 3131 periculum
798 3069 859 3132 feci.
893 3064 1045 3116 Edebant'ur
1057 3065 1141 3114 adbuc

172 3153 223 3185 ooo.
244 3138 333 3187 tubulis
347 3135 410 3200 (pro
424 3133 537 3201 tabular)
558 3149 587 3172 -·-
606 3135 773 3185 hereditatem
787 3161 817 3172 -
838 3137 861 3184 in
874 3161 907 3172 -
921 3133 1141 3196 Notatum'fuisse

171 3219 238 3265 pono
251 3207 297 3253 u'in
310 3231 345 3241 -
357 3205 493 3256 b'ditutibus
507 3229 541 3240 -·
553 3205 652 3254 tabulas.
667 3229 698 3239 -
714 3206 829 3268 nplmeret
841 3203 919 3266 -qd
933 3198 1064 3266 (quidem).

174 3321 376 3330 ———

90 3404 92 3407 ·
172 3365 855 3454 §.3223.2.I.del.p.(s,et.s0f'.Ulpium.
938 3383 1141 3452 §.33.=s.e.
1305 3421 1307 3456 3

173 3457 196 3505 l.
208 3461 251 3510 cta.
303 3455 327 3524 ξ.
343 3461 399 3509 33·.
417 3456 458 3520 Cf.
472 3454 546 3520 §.uu
569 3457 627 3521 lltp.
640 3465 713 3522 rme..
730 3457 778 3509 Tit.
791 3456 817 3505 Ι.
831 3457 863 3506 de
876 3453 925 3507 80.
943 3452 1047 3502 Terruit.
1063 3450 1092 3515 (s,
1106 3451 1143 3516 s).
