2588 3954
510 201 679 242 Polemio.
1021 203 1078 236 XIII

29 329 33 334 ’
107 347 139 402 ed
154 344 256 408 libros,
274 344 347 405 uado
368 345 426 418 peti
445 352 572 418 possent,
594 344 692 400 remisi.
717 345 756 384 -—'
776 343 856 402 initio
877 343 1080 400 adnotationem

106 448 231 506 criticam
246 446 282 502 ab
295 447 561 520 exegeticastprorsus
578 429 702 518 separare
717 446 920 503 constitueram.
950 443 1003 500 Sed
1019 461 1080 500 cum

107 547 421 630 animavertercm,oa
438 563 469 604 re
490 546 604 605 multum
626 547 707 620 spatii
726 545 843 610 absum,
865 545 1007 611 coralium
1029 545 1081 602 boc

5 671 6 724 ᾗ
107 649 194 708 abieci
209 656 238 704 et
253 656 358 704 tautum
373 649 402 707 in
418 647 474 704 Gaii
487 645 706 710 Institutionum
720 647 830 705 retbrui.

171 749 282 826 buces
294 749 393 807 uberes
409 757 436 806 et
452 755 513 822 apte
534 750 675 813 institutos
696 751 724 806 iu
742 748 900 806 ‘huiusmodi
921 749 1080 823 praesertim

109 851 241 925 operibus
262 850 550 926 meguosrluotioribus
572 852 633 912 usui
654 865 728 912 cese,
756 865 798 908 rue
819 866 875 906 non
895 850 975 926 lugit.
1027 849 1081 906 Sed

5 991 7 1028 ;
109 969 203 1010 cume
224 951 361 1011 tironibus
379 953 470 1011 miuus
489 951 693 1015 desiderentur,
715 959 742 1006 ct
763 967 814 1008 nec
834 952 952 1024 pretium
973 950 1080 1008 libriin

5 1031 7 1054 ᾗ
110 1071 208 1110 eorum
230 1053 432 1111 incommodum
455 1052 558 1110 baele
582 1069 663 1110 cauea
688 1053 798 1127 augeri,
819 1067 870 1109 uec
896 1052 969 1108 hunc
993 1053 1082 1125 ipsum

5 1171 7 1230 ss
110 1155 215 1212 uarius
237 1156 323 1228 premi
343 1153 490 1228 bibliopola
511 1154 608 1218 vellet,
633 1153 737 1212 iudices
756 1163 833 1228 post,
860 1170 941 1227 quarn
965 1155 1081 1227 primum

5 1277 7 1318 t
111 1265 216 1318 umen.
234 1255 332 1312 coutici
347 1264 375 1312 et
389 1273 440 1311 suo
455 1255 587 1330 parabiles
602 1257 691 1330 pretio
706 1257 849 1328 separatim
865 1255 1034 1340 erliplacuit.
1091 1305 1092 1312 ,

176 1357 230 1416 llis-
242 1357 278 1414 de
291 1357 419 1431 oonsilio,
434 1357 509 1430 quad
524 1365 634 1417 accubas
650 1373 725 1420 sum,
741 1358 918 1430 praemonitis
931 1363 1029 1419 reta,
1052 1362 1083 1412 ut

109 1459 213 1516 librum
230 1475 318 1514 meum
334 1475 421 1532 aequo
436 1461 589 1532 peritorum
601 1457 700 1514 iudicio
716 1458 911 1517 commendem.
941 1456 1043 1526 Quibus
1059 1459 1082 1514 si

108 1563 138 1616 iu
154 1561 314 1618 universam
333 1557 492 1634 probabitur
505 1557 544 1632 (ln
559 1560 675 1634 singulis
697 1562 767 1617 enim
788 1577 925 1633 uunquam
946 1575 1080 1634 peccasse,

111 1665 173 1736 quis
200 1679 285 1718 sanus
304 1661 473 1736 operatrice
498 1663 521 1718 si
543 1661 771 1736 iurisprudentiee
796 1661 941 1726 stallatis,
969 1663 1082 1720 manue

112 1762 515 1828 adompnanus-uubanus
529 1763 649 1836 aliquam
670 1763 785 1827 adiuret,
813 1763 876 1820 bino
896 1763 1081 1820 dulcissimum

5 1909 6 1920 ,
111 1866 248 1938 insumpti
260 1863 360 1922 laboris
376 1863 494 1923 tractum
508 1866 620 1937 capiam
673 1919 675 1924 ,

177 2033 238 2090 Sor.
256 2035 426 2090 Vratislaviac
441 2051 476 2090 m.
494 2013 604 2091 Octobri
621 2047 814 2092 uromucuux.
831 2054 836 2058 ”
866 2093 868 2098 .

482 2268 719 2276 —-—--—-

177 2503 239 2565 AD
262 2503 471 2564 ALTERAM
492 2457 739 2566 EDITIONEM
760 2505 1027 2568 PRAEFATIO.-

179 2675 288 2733 Certior
302 2677 387 2734 lactus
403 2691 418 2731 a
433 2675 590 2751 bibliopola,
604 2694 672 2751 quae
688 2679 804 2751 primurn
819 2679 899 2736 buius
915 2660 1084 2736 collectionis

5 2813 6 2850 ,
111 2778 278 2852 exemplaria
293 2779 365 2852 typis
379 2780 510 2852 impressa
525 2788 611 2843 eraut,
625 2797 656 2836 ea
670 2795 756 2854 prope
769 2781 857 2836 omnr’a
869 2780 1003 2837 divendita
1014 2799 1083 2846 esse,

111 2893 268 2952 novamque
284 2879 342 2935 cius
358 2879 504 2936 editionem
519 2880 679 2945 desiderari,
696 2897 805 2955 operam
821 2883 945 2956 equidem
961 2883 1037 2948 dedi,
1055 2892 1085 2938 ut

5 2975 6 2992 ¹
112 2999 158 3044 ea,
183 2989 316 3055 quantana
338 2979 396 3038 fleri
416 2987 523 3055 posset,
546 2992 574 3039 ct
594 2985 699 3038 auctior
720 2992 747 3038 et
766 2984 935 3040 emendatior
952 2985 1082 3058 prodiret.

113 3082 169 3139 Sed
184 3083 294 3157 augeri,
315 3083 339 3138 si
353 3083 427 3156 ipsae
441 3083 572 3157 reliquiae
587 3084 716 3140 collectae
737 3094 908 3159 spectantur,
931 3094 1036 3142 tantum
1058 3089 1085 3143 in

113 3183 278 3257 qulbusdam
301 3185 449 3256 superioris
470 3186 637 3259 antiquitatis
658 3165 836 3261 scriptoribus
864 3203 980 3262 quorum
1001 3205 1085 3262 pauca

112 3292 223 3341 tautum
243 3291 405 3360 supersunt,
426 3287 530 3360 potuit,
557 3287 737 3360 maximeque,
764 3287 894 3345 blomscni
920 3290 1031 3352 merito,
1058 3289 1085 3343 iu
1156 3351 1159 3356 ,

113 3385 224 3442 Valerio
244 3385 344 3444 Probo.
383 3387 588 3446 Emendatioues
609 3391 725 3462 primum
747 3388 829 3446 officii
856 3407 935 3446 causa
956 3397 984 3445 et
1007 3397 1085 3463 grato

116 3490 206 3546 auimo
223 3505 406 3546 commemoro
422 3490 454 3546 ad
470 3490 580 3548 eosdem
596 3491 652 3546 lere
673 3493 820 3565 scriptores
842 3494 1009 3564 pertinentes
1031 3505 1084 3552 eas,
