2614 3960
408 178 513 216 rnaau.
531 179 587 216 rvr.
608 179 672 214 nou.
691 179 786 216 varic.
806 169 846 216 71.
1058 169 1108 218 643
1195 229 1199 234 ,

111 321 362 394 proprietarium
378 325 490 391 spectet,
507 326 538 374 ut
559 323 686 392 lapidum
709 327 950 394 caeterarumque
970 327 1106 379 materia-

141 424 215 474 rum,
233 409 338 476 quaeri
349 410 454 476 potest.
487 403 629 459 Trebatius
645 412 734 459 autem
750 407 926 477 simpliciter,
943 410 969 462 si
984 410 1107 464 arbores

140 495 170 546 in
190 492 262 562 aqro
284 491 451 546 demortuae
472 493 542 557 sini,
565 505 692 546 essaeus
714 489 870 554 fructuarii,
894 493 1106 564 coqeudumque

143 591 205 631 euni
222 577 296 630 alias
312 575 450 628 adserere
466 575 575 629 scribit.
609 566 682 648 [it]
697 564 723 606 ⁷³
739 572 791 647 (1.)
803 575 900 631 Labeo
913 579 961 646 aii,
976 575 1105 632 ’fructua-

141 661 211 714 rium
226 657 258 714 ad
274 661 425 714 materiam
448 664 535 729 aptas
558 659 681 713 arbores
695 659 725 712 iu
741 661 986 732 aqrodemorluas
998 653 1105 732 usque⁴

142 743 175 798 ad
191 758 269 797 usum
284 757 364 798 suum
381 748 408 797 et
423 744 512 798 uillae
524 735 633 814 posse⁵
646 741 732 813 ferre
739 766 749 806 ;
764 759 818 800 nec
834 747 956 800 macena
973 759 1035 800 eum
1049 761 1105 816 pro

139 832 216 901 liqna
232 843 359 896 usurum,
377 829 404 880 si
417 824 521 888 haheat,
537 826 610 881 unde
626 832 719 882 utatur
733 826 825 901 liqna:
846 831 975 901 idemque
991 843 1056 884 esse
1076 832 1106 884 iu

141 912 309 968 'arboribus
329 914 359 966 ui
378 917 529 982 uentorum
547 912 663 980 euulsis,
687 903 752 966 uel⁶
773 913 853 967 etiarn
874 913 994 968 deiectis
1035 913 1105 967 Puto

140 1005 245 1058 tamen,
263 995 307 1050 'et
322 999 351 1050 in
373 997 448 1050 uiua
469 996 524 1050 bac
541 996 739 1065 probandum,
756 989 813 1052 ne⁷
834 1001 859 1052 si
881 1002 955 1053 totus
977 991 1049 1072 aqer
1070 1001 1106 1052 sit

142 1083 220 1136 bunc
237 1095 328 1135 casum
349 1095 459 1151 passus,
488 1094 584 1134 omncs
605 1080 726 1134 arbores
746 1079 886 1152 ’auferre
904 1081 1115 1152 fructuarium·

77 1188 79 1191 ·
139 1181 227 1236 posse
243 1165 393 1220 dicendum
408 1155 474 1218 sii.⁸
504 1163 642 1217 materiam
658 1169 746 1217 tamen
762 1165 819 1236 ipse
837 1167 995 1233 succidere,
1013 1182 1104 1237 quan-

140 1258 198 1305 tum
214 1249 254 1304 ad
267 1250 354 1305 uillae
370 1247 567 1318 refectionem,
583 1239 698 1316 poterii,
715 1253 746 1302 ui
760 1255 846 1320 putat
860 1249 990 1304 Neratius
1006 1246 1102 1302 libili

141 1333 389 1394 Mamertinorum
404 1332 647 1404 quemadmodum,
663 1335 763 1403 inquii,
782 1337 892 1388 calcem
908 1347 1040 1404 coquere,
1059 1335 1105 1387 uel

140 1417 262 1480 arenam
275 1418 393 1489 fodere,
412 1417 527 1473 aliudue
543 1413 607 1489 quid
630 1413 752 1471 aedificio
768 1420 960 1473 necessarium
979 1431 1103 1472 sumere.

141 1544 147 1557 .
167 1543 173 1556 .
193 1545 199 1558 .
217 1544 223 1557 .
242 1535 248 1557 a
268 1543 273 1556 .
290 1501 361 1574 apud
372 1500 524 1556 Labeonem
540 1492 658 1574 'agitat9
675 1542 808 1556 ......
825 1501 970 1575 pertinere,
982 1502 1104 1574 quamuis

139 1586 270 1642 Proculus
287 1603 342 1642 non
360 1627 493 1641 ......
511 1577 596 1656 so(2.)
619 1583 857 1648 Nuncuidendum‚
865 1587 888 1641 si
894 1586 1017 1656 fructus
1025 1588 1107 1640 serui

140 1674 175 1727 sii
185 1674 310 1745 leqatus,
328 1673 396 1743 quid
410 1673 594 1726 contineatur
608 1669 708 1742 legato.
724 1669 854 1743 quidquid
869 1671 891 1724 is
908 1663 940 1725 eir
956 1685 1037 1747 opera
1051 1687 1104 1724 sua

141 1757 274 1828 adquirit,
292 1759 339 1812 uel
355 1772 394 1812 aa
405 1770 438 1810 re
450 1754 621 1826 fructuarii,
639 1757 699 1810 siue
711 1745 882 1828 ἠιαησῖρίο1
902 1755 1021 1826 accipiat,
1046 1754 1103 1806 siue

139 1841 304 1912 stipuletur,
322 1844 383 1895 siue
399 1843 498 1894 eruerit
514 1844 542 1894 ei
557 1841 584 1894 ei
595 1841 740 1908 possessio
753 1839 847 1910 suerii
863 1840 980 1907 tradita,
998 1840 1103 1909 leqaia·

139 1923 180 1976 ria
196 1923 322 1994 adquirit.
345 1915 416 1978 ’At2
431 1925 454 1978 si
470 1923 551 1978 heres
562 1926 707 1978 institutus
719 1926 763 1986 sii,
780 1924 825 1978 uel
840 1925 965 1995 leqatum
979 1935 1102 1991 accepe-

140 2101 172 2166 ⁷³)
192 2102 241 2150 Esi
259 2103 290 2151 L.
306 2111 329 2151 ia
338 2117 382 2166 pr.
401 2102 434 2149 D.
453 2104 485 2150 de
502 2102 586 2164 ususr.
606 2099 636 2164 (t,
650 2102 672 2164 1)
690 2104 738 2151 sed
753 2109 862 2158 ruuiaia;
880 2118 937 2151 narn
953 2104 1043 2166 incipit
1055 2104 1104 2160 ibi,-

132 2167 296 2220 ·‘Arboribus
314 2170 407 2218 euulsis
424 2172 465 2218 uel
481 2171 508 2217 ui
525 2175 654 2218 uentorum
672 2170 777 2218 deiectis
796 2185 873 2234 usque
897 2171 932 2220 ad
947 2185 1016 2218 maim
1035 2209 1102 2224 ,.,,

139 2245 226 2288 artatur
245 2240 320 2302 liqna,
338 2236 427 2286 Labeo
446 2239 497 2285 ail’
517 2243 565 2284 etc.
631 2233 659 2298 ¹⁴)
678 2237 832 2284 fructuarium
849 2237 901 2285 adm
915 2275 921 2288 .
935 2272 942 2285 .
957 2275 963 2288 .
978 2273 983 2286 .
999 2273 1004 2284 .
1022 2233 1102 2300 8:71.

138 2309 205 2356 itcm.
232 2303 297 2366 (Sed
309 2305 367 2355 item
379 2319 428 2353 noa
441 2311 480 2354 esi
491 2305 517 2352 in
534 2302 560 2350 V
562 2301 598 2367 d.)
622 2303 668 2352 Eae
679 2305 744 2352 silua
756 2305 855 2353 caedua
867 2319 939 2368 usque
952 2306 993 2354 ed.
1008 2305 1102 2357 Hollw.

7 2351 9 2394 ἓ
51 2411 53 2416 ,
139 2373 206 2422 Mili
222 2379 316 2422 certum
334 2379 379 2430 est,
393 2387 479 2421 nouum
492 2378 640 2433 excerptum
651 2371 691 2420 bic
703 2387 753 2420 oon
765 2373 889 2435 coepisse,
904 2387 991 2430 nouam
1002 2378 1102 2424 senlen-

139 2443 199 2489 iiam
217 2455 277 2490 aero
295 2443 344 2490 iam
362 2445 420 2489 ante
438 2457 460 2492 a.
481 2441 634 2488 fructuarium
657 2453 776 2487 exorsum
795 2453 858 2490 esse.
898 2438 985 2489 Verba
1003 2440 1115 2502 ‘Labeo'
1185 2471 1191 2478 ,

139 2510 201 2566 aii’,
220 2523 285 2572 quae
303 2510 329 2556 iu
342 2508 400 2570 Diq.
413 2509 440 2556 in
452 2509 505 2570 fine
520 2506 628 2570 periodi
644 2508 767 2569 loquutur,
786 2505 828 2555 ubi
845 2521 876 2555 ea
893 2507 920 2555 in
936 2506 996 2559 Val.
1015 2525 1103 2560 uersus

139 2591 190 2624 uon
206 2577 284 2637 capii,
303 2582 362 2624 aare
378 2575 499 2638 ponenda
517 2581 543 2623 ei
560 2573 753 2623 comitiatus-ime
765 2573 812 2622 liuc
824 2574 1007 2636 transferenda
1020 2586 1102 2636 erant,

138 2643 182 2692 ubi
199 2643 295 2706 alioqui
310 2643 419 2706 spatium
437 2642 557 2691 abundat.
672 2637 693 2702 5)
711 2641 769 2704 Diq.
789 2648 815 2690 et
831 2643 891 2691 edd.
910 2642 934 2689 b.
953 2645 970 2690 i.
990 2646 1103 2694 inserunt

7 2691 53 2727 ³·
139 2710 386 2771 ‘usufructuarium',
406 2711 474 2774 quod
490 2723 578 2759 uersus
594 2709 639 2758 viar
656 2710 736 2771 capii.
806 2706 827 2772 ⁶)
847 2707 992 2757 ‘arboribus
1011 2715 1103 2761 errrilsis

138 2781 179 2828 uel
196 2779 222 2826 ui
239 2780 384 2828 uentorum’
408 2777 467 2840 atq.
483 2793 526 2840 pr.
545 2776 577 2826 L.
596 2785 628 2828 12.
647 2777 689 2824 cii.
710 2777 768 2825 edd.
871 2773 892 2836 ⁷)
917 2775 1032 2826 Restitui.
1069 2778 1103 2826 Iu

137 2847 195 2910 Diq.
216 2851 269 2895 cst:
288 2847 395 2910 ‘alioqui
411 2847 434 2894 si
451 2847 531 2894 tolus’
551 2851 615 2899 etc,
634 2845 682 2893 sed
698 2843 732 2904 cf.
751 2843 785 2890 L,
806 2852 838 2893 to.
857 2842 890 2892 D.
908 2841 941 2890 ib.
1028 2841 1049 2906 8)
1069 2844 1103 2894 In

137 2915 196 2978 Diq,
215 2919 312 2962 lanium
329 2919 382 2963 esi:
401 2913 529 2975 ‘auferret
545 2911 725 2974 fructuarius,
745 2912 814 2976 quod
829 2923 926 2959 uersam
938 2923 988 2958 nan
1005 2913 1103 2975 captet.

137 2979 157 3040 ⁹)
178 2983 257 3042 agita
280 2983 339 3031 edd.
376 2981 414 3029 oe
439 2981 586 3045 quaestione
609 2980 709 3042 aqitata
727 2992 809 3029 serino
828 2982 872 3027 est.
914 2975 1012 3028 Versus
1030 2987 1103 3030 anie·

138 3051 232 3098 cedens
255 3055 280 3098 el
297 3051 332 3106 is,
357 3050 400 3113 qui
419 3054 481 3112 pasl
498 3049 610 3103 ‚alierum
631 3045 761 3110 sequitur,
786 3046 811 3094 in
832 3044 859 3094 V
860 3042 881 3093 d.
905 3044 978 3094 initio
1000 3062 1101 3100 uacum,

139 3113 244 3178 Sinqula
262 3123 357 3165 tanturn
373 3116 451 3165 uerba
473 3117 592 3180 suppleta
609 3119 739 3177 utrumque
760 3127 900 3176 occupasse
922 3113 1053 3162 uidentur:
1078 3121 1103 3162 et

138 3189 199 3246 puto
218 3185 338 3246 aqiiaiam
356 3199 410 3233 esse
429 3185 461 3232 de
480 3185 618 3246 teqularum
628 3181 789 3245 similiumque
802 3179 918 3237 dominio,
938 3189 1102 3242 quaerentes

139 3251 273 3298 deiecerit.
308 3251 373 3299 Nam
390 3253 422 3300 de
439 3265 563 3300 marmore
583 3248 628 3312 (cs.
643 3249 674 3297 L.
689 3257 713 3296 18
722 3265 766 3312 pr.
783 3249 816 3298 D.
830 3250 861 3298 aie
871 3245 953 3307 funda
966 3247 1020 3295 dot.
1032 3256 1064 3306 23,
1078 3247 1101 3304 a)

141 3316 265 3380 Ulpianus
288 3319 345 3367 alio'
361 3321 416 3368 loco
439 3320 503 3382 eqil:
527 3318 560 3366 L.
581 3325 603 3364 s.
628 3313 677 3380 38.
695 3323 714 3364 2.
734 3323 754 3364 3.
786 3316 819 3363 L.
839 3323 872 3368 13.
896 3311 922 3376 3.
943 3321 964 3362 5.
990 3315 1020 3362 1).
1038 3315 1063 3366 b.
1083 3322 1100 3368 i.

139 3381 171 3447 ΘΟ)
185 3383 235 3433 Est
245 3385 278 3437 L.
289 3385 365 3438 21,st
376 3387 407 3434 ile
417 3386 499 3442 usufr.
510 3383 540 3445 (7,
552 3383 582 3446 i),
593 3385 641 3433 sed
648 3389 751 3432 mutata.
771 3382 889 3442 Restitui,
897 3381 992 3442 partini
1002 3379 1100 3440 Baebia.

7 3451 13 3474 ²
65 3519 66 3524 ¹
138 3458 246 3503 secutus.
299 3451 320 3516 ¹)
342 3453 431 3516 ..pium
445 3453 503 3501 l'at.
523 3453 668 3514 mancipium
678 3451 735 3500 edd.
747 3449 866 3514 (praeter
875 3446 986 3510 Maras).
1039 3448 1060 3513 ²)
1080 3458 1102 3498 ct

835 3534 900 3591 41*
