2588 3954
77 166 79 175 ¹
166 182 199 230 20
567 195 591 228 n.
612 193 734 229 cincius.

169 329 201 391 δὲ
216 325 339 404 ὕστερον
353 323 514 406 ὠνομάσθη
530 327 561 388 ἐκ
572 330 627 389 τοῦ
680 354 697 390 o
728 352 860 398 nurnero;
882 331 986 391 *nortus
1016 350 1089 390 enam
1120 353 1138 391 a

169 408 321 494 ἀριθμοῦ·
357 414 478 488 {ovatae
508 406 564 492 γὰρ
594 412 627 474 ἐκ
680 419 797 476 Martio.

169 503 222 560 τοῦ
242 501 390 581 Μαρτίου.
421 536 457 545 -
484 503 523 558 Io.
547 503 625 558 Laur.

170 591 236 664 Lyd.
255 591 288 646 de
304 607 389 648 mens
407 589 435 650 4,
453 588 503 645 92.

540 723 581 778 De
604 723 767 778 comitiis.
835 730 839 739 '

235 840 262 901 6.
290 843 419 899 Patricios
436 842 540 910 Cincius
564 843 599 896 ait
619 843 647 896 in
669 839 737 896 libro
760 841 793 896 de
808 843 922 898 comitiis
945 858 991 897 eos
1012 839 1141 914 appellari

170 928 275 991 solitos,
290 929 335 1000 qui
347 944 419 982 nune
431 928 543 998 ingenui
555 933 698 980 nocentur.
716 955 753 965 -
767 924 840 980 Fest.
856 924 879 979 ν’.
888 925 1018 980 Patricius
1030 943 1057 999 p.
1066 923 1138 980 241.

425 1062 466 1116 lic
491 1060 672 1116 consulum
695 1068 885 1133 potestate.

234 1178 259 1239 7.
287 1181 399 1236 Praetor
415 1180 448 1234 ad
463 1189 570 1252 portam
586 1178 719 1233 salutatur
733 1179 769 1241 is,
793 1180 839 1251 qui
859 1181 887 1234 in
902 1179 1070 1253 prouinciam
1090 1193 1141 1250 pro

171 1273 297 1341 praetore
314 1272 360 1320 aut
374 1282 425 1339 pro
444 1264 557 1319 consule
573 1265 641 1318 enit:
663 1264 739 1318 cuius
755 1265 794 1318 rei
809 1280 912 1318 morem
927 1265 965 1319 ait
980 1263 1065 1317 iuisse
1081 1260 1142 1316 Cin-

172 1354 228 1407 cius
248 1353 276 1406 in
298 1348 369 1404 libro
395 1349 428 1404 de
457 1349 598 1404 consulum
623 1355 761 1420 potestate
786 1348 880 1403 talem:
906 1347 1023 1403 Albanos
1050 1362 1141 1401 rerum

172 1437 276 1508 potitos
294 1451 380 1506 usque
396 1434 429 1488 ad
445 1433 553 1488 'iulium
568 1449 671 1506 regem.
709 1431 776 1486 Alba
791 1431 888 1487 deinde
903 1433 992 1487 diruta
1006 1447 1093 1504 usque
1108 1429 1143 1484 ad

173 1520 202 1574 P.
219 1519 329 1574 Decium
345 1517 448 1573 Murem
463 1534 520 1573 cos.
537 1517 655 1590 populos
671 1516 704 1571 ad
720 1524 800 1589 caput
814 1515 987 1579 Ferentinae,
1011 1516 1086 1588 quod
1101 1523 1143 1569 est

172 1603 336 1659 submonte
358 1601 474 1665 Albano,
497 1601 640 1658 consulere
666 1601 762 1657 solitos
791 1609 818 1656 et
838 1603 980 1674 imperium
1008 1600 1144 1655 communi
1166 1615 1168 1620 ·
1193 1630 1205 1658 ·.

173 1688 288 1744 consilio
304 1686 500 1742 administrare.
540 1687 631 1759 itaque
647 1703 701 1759 quo
714 1693 794 1741 ‘anno
810 1685 944 1742 Romanos
966 1686 1143 1758 imperatores

174 1773 206 1827 ad
222 1772 368 1827 exercitum
385 1773 493 1827 mittere
507 1763 650 1844 'oporteret
671 1772 748 1826 iussu
763 1771 880 1826 nominis
896 1769 998 1833 Latini,
1021 1768 1143 1843 complu·

173 1873 216 1912 res
233 1863 343 1912 nostros
365 1858 392 1910 in
408 1855 540 1929 Capitolio
563 1856 655 1911 escle
677 1857 781 1910 oriente
803 1857 927 1928 auspiciis
949 1859 1058 1928 operam
1080 1853 1144 1908 dare

173 1941 280 1998 soiitos.
321 1939 364 1995 ubi
380 1958 444 1997 aues
466 1940 643 2003 addixissent,
667 1940 777 1995 militem
799 1940 892 2002 illum,
916 1940 963 2012 qui
978 1957 993 1994 a
1007 1938 1144 1994 communi

174 2026 249 2082 Latio
271 2027 369 2091 missus
391 2033 478 2088 esset,
500 2025 591 2087 illum,
614 2041 695 2098 quem
711 2041 774 2080 aues
796 2024 966 2087 addixerant,
989 2031 1143 2097 praetorem

174 2110 291 2166 salutare
307 2110 433 2173 solitum,
457 2111 504 2182 qui
519 2127 576 2164 eam
590 2110 760 2182 prouinciam
782 2111 919 2182 optineret
939 2109 1072 2180 praetoris
1093 2124 1143 2162 no·

175 2197 256 2251 mine.
277 2226 314 2236 -
331 2194 404 2250 Fest.
423 2213 447 2248 v.
464 2193 577 2249 Praetor
591 2211 618 2266 p.
637 2192 708 2248 241.
1051 2197 1053 2204 ’

420 2330 461 2383 Dc
485 2328 610 2383 officio
633 2317 896 2384 iurisconsulti.
975 2349 982 2360 =

240 2446 268 2503 8.
298 2448 471 2518 ‘Nuncupata
487 2448 599 2518 pecunia
615 2447 683 2509 est',
707 2455 737 2502 ut
753 2449 789 2502 ait
805 2446 910 2502 Cincius
926 2449 954 2502 in
969 2447 988 2502 l.
1005 2446 1035 2500 lt.
1054 2445 1088 2501 de
1104 2444 1145 2501 oi-

177 2533 238 2587 ficio
263 2530 464 2592 iurisconsulti,
492 2529 618 2586 ‘nomine
645 2524 816 2604 concepta,³
842 2529 996 2587 nominibus
1028 2530 1144 2604 propriis

177 2617 361 2691 pronuntiata.
401 2613 491 2670 “cunr
512 2632 611 2670 nerum
633 2617 711 2671 faciet
732 2617 961 2689 inaneiptumquc,
989 2615 1029 2670 uti
1051 2614 1146 2688 lingua

178 2701 368 2776 nuncupassit,
385 2702 422 2755 ita
437 2701 478 2754 ius
495 2700 584 2755 csto''
600 2700 627 2763 id
643 2709 694 2763 est,
711 2702 751 2754 uti
765 2702 909 2755 nominarit
924 2701 1069 2755 locutusne
1084 2699 1145 2761 erit,

127 2806 129 2808 ·
177 2788 215 2841 ita
230 2788 272 2840 ius
289 2793 359 2841 esto.
398 2793 463 2840 uota
479 2794 632 2859 nuncupata
653 2785 792 2848 dicuntur,
817 2801 884 2858 quae
905 2785 1047 2848 consules,
1070 2799 1146 2857 prae-

178 2879 267 2932 tores,
285 2886 345 2925 curn
361 2871 389 2924 in
405 2871 570 2944 prouinciam
585 2868 805 2944 proficiscuntur,
822 2870 937 2925 iaciunt:
954 2885 985 2924 ea
998 2870 1026 2924 in
1043 2867 1145 2923 tabulas

178 2953 364 3028 praesentibus
387 2954 478 3009 multis
500 2954 681 3010 referuntur'.
722 2962 748 3008 at
770 2954 866 3009 Santra
887 2961 939 3009 ete.
965 2983 1002 2993 —
1025 2952 1095 3008 Fest.
1118 2971 1144 3007 v.

178 3039 335 3112 Nuneupata
349 3057 376 3112 p.
396 3039 466 3096 173.

242 3120 271 3181 9.
304 3117 411 3186 ‘¹Sunt,
429 3125 475 3197 qui
497 3132 524 3178 et
544 3122 695 3180 inferiores
715 3124 773 3179 dici
789 3130 896 3195 putant
912 3127 1055 3184 colonias,
1079 3138 1146 3194 qnae

178 3341 256 3404 sortis
268 3339 357 3390 lionam
368 3342 526 3403 intellexisse
538 3341 647 3388 videtur.
684 3337 705 3404 ³)
719 3338 821 3403 Scripsi
830 3340 978 3402 letorius.
984 3338 1147 3404 peremRW.

180 3409 330 3472 xitpcua.
357 3408 399 3470 Of.
415 3407 763 3472 ‘Bechtd.Neoeuna’p.tt,
794 3407 1045 3457 nominacertaCod.
1071 3407 1148 3457 nomi·

182 3483 247 3532 nata,
265 3485 330 3526 certe
344 3475 430 3525 Ursin.
449 3478 482 3538 ej.
532 3474 554 3538 ⁴)
571 3475 680 3524 Restitut'
695 3476 752 3538 fere
772 3475 868 3524 ‘Beelu
885 3477 910 3524 d.
928 3475 1042 3524 Neceurn’
1058 3492 1086 3538 p.
1100 3483 1146 3527 tta.

896 3566 916 3596 p.

476 3681 494 3722 Ο
