2634 3960
201 183 250 230 532
501 187 648 225 0101111111
666 185 877 223 coeremorvu.

201 337 231 380 ut
249 334 277 380 in
296 327 422 378 inferiori
439 325 513 391 pilae
534 330 649 386 tantum,
669 325 697 376 in
710 323 846 388 superiori
858 322 946 382 scala,
967 321 1046 370 cuius
1065 317 1169 383 gradus

203 398 306 465 proprii
325 399 398 456 sunt,
416 392 608 454 ostendantur,
627 393 701 442 etin
720 393 865 457 superiori,
885 390 975 438 media
988 403 1097 438 0110111111
1109 385 1172 450 0110

205 481 312 516 sursum
331 465 422 524 ducta,
442 462 526 510 etiarn
540 460 724 510 masculorum
738 457 947 512 ascendentium
966 470 1102 521 personae
1121 453 1171 502 ad-

204 535 317 594 dantur,
336 530 438 594 partim
463 529 526 592 quia
546 530 630 576 etiam
654 527 690 576 ad
713 532 843 590 parentes
867 526 1081 574 manumissores
1104 520 1170 584 lege

204 600 344 651 hereditas
363 596 446 660 redit,
466 595 566 658 partim
584 595 649 659 quia
673 609 767 643 omnes
785 597 948 658 agnatorum
965 607 984 640 ‘a
1002 590 1091 640 latere
1109 589 1175 636 iun-

206 673 310 718 ctorum
329 665 431 730 gradus
449 663 527 712 velut
551 662 683 712 adiuncta
707 660 783 710 scala
803 677 819 710 a
837 660 945 710 directa
964 657 1175 709 ascendentium

205 737 280 784 linea
299 731 434 798 pendent:
454 744 525 792 quae
544 731 617 778 ratio
637 729 721 778 etiam
741 727 841 789 0110011,
861 733 891 776 ut
910 743 970 776 cunr
988 728 1018 776 in
1034 723 1112 774 11000
1131 723 1175 772 di-

206 806 285 852 recta
303 801 395 864 prisco
414 799 542 846 instituto
561 801 668 846 tantum
679 812 765 860 usque
779 796 814 844 ad
827 797 957 844 tritavum
969 795 1176 857 trinepotemve

209 883 344 936 00100000
364 866 447 916 certis
466 865 621 913 nominibus
642 862 952 928 comprehenderentur,
972 862 1058 910 etiarn
1077 859 1176 924 agnati

208 941 315 986 tantum
335 935 369 983 ad
392 937 497 982 sextum
521 947 608 994 usque
633 931 749 995 gradum
771 932 1034 980 demonstrarentur.
1073 929 1175 990 Itaque

207 1007 237 1053 in
254 1003 393 1068 superiore
412 1005 491 1065 parte
510 999 626 1062 primum
648 999 726 1048 iuxta
744 1001 876 1063 parentes
900 997 1041 1047 exlatere
1060 995 1177 1045 venien-

208 1074 276 1121 tium
295 1070 404 1134 capita,
423 1067 547 1128 fratrem,
568 1070 695 1131 patruum
715 1071 742 1116 et
754 1066 886 1130 deinceps
898 1079 986 1129 usque
1000 1063 1035 1114 ad
1047 1067 1177 1127 patruum

208 1139 370 1199 maximum,
391 1136 438 1198 qui
457 1139 499 1183 est
518 1139 596 1184 sexto
616 1134 717 1198 gradu,
736 1134 815 1184 vides
833 1135 950 1198 positos,
971 1149 987 1180 a
1006 1131 1103 1195 quibus
1122 1129 1178 1178 orti

208 1207 307 1256 deinde
327 1217 418 1253 rursus
437 1202 545 1251 directa
563 1201 638 1252 linea
657 1202 706 1250 sed
724 1203 753 1250 in
771 1201 927 1267 lateroper
940 1202 1041 1266 gradus
1061 1219 1077 1250 a
1096 1201 1179 1250 felici

209 1275 321 1324 sinistra
340 1271 376 1320 ad
394 1270 519 1318 dextram
538 1269 719 1333 procedentes
736 1273 766 1318 et
784 1285 870 1334 usque
891 1271 926 1319 ad
944 1275 1051 1319 sextum
1068 1275 1178 1318 tantum

210 1342 324 1406 gradum
347 1341 504 1400 sequuntur.
540 1337 580 1386 Ne
604 1352 669 1386 vero
693 1337 865 1400 crederetur,
892 1337 1006 1403 perinde
1029 1343 1061 1387 ut
1085 1338 1116 1385 hi
1141 1337 1177 1385 ab

210 1409 267 1458 iilis
286 1407 426 1470 capitibus
445 1406 627 1468 generatione
647 1405 784 1466 oriuntur,
805 1408 888 1456 etiam
911 1408 1007 1471 000110
1029 1407 1106 1455 iuxta
1129 1420 1178 1470 pa·

214 1481 307 1525 rentes
328 1472 406 1536 quasi
425 1471 468 1520 ab,
483 1470 526 1519 his
549 1471 694 1535 progenita
717 1473 810 1536 posita
835 1489 909 1533 esse,
933 1478 993 1523 tota
1016 1473 1095 1522 scala
1118 1474 1178 1522 sive

216 1559 232 1592 a
251 1542 341 1590 latere
360 1536 530 1588 venientium
549 1539 614 1588 ordo
635 1555 651 1588 0
670 1539 745 1588 linea
764 1539 869 1590 directa
892 1541 1040 1590 simulacro
1060 1539 1179 1605 quodam

211 1609 360 1658 distinctus
380 1608 422 1652 est
434 1602 602 1668 imaginibus
617 1607 882 1670 consanguineorum
896 1606 954 1673 (qui
966 1611 1046 1672 quasi
1059 1609 1122 1656 10110
1136 1611 1180 1656 001

213 1693 229 1726 0
249 1676 337 1724 101010
355 1671 524 1732 iunctorum)
546 1676 574 1738 01
593 1673 703 1735 quidem
721 1673 808 1736 puelli
827 1680 855 1725 et
867 1675 976 1740 puellae
991 1675 1180 1742 generationis

212 1744 377 1802 nesciorum,
398 1739 513 1788 eandem
531 1754 609 1788 suam
628 1740 763 1803 originem
781 1742 869 1806 digito
887 1741 1116 1808 significantium
1133 1755 1179 1790 su-

212 1827 262 1878 pra
281 1811 412 1858 tritavum
433 1811 460 1854 et
478 1811 607 1870 patruum
626 1807 772 1855 maximum
790 1811 881 1872 pictis,
902 1827 970 1876 quas
988 1810 1180 1874 Boeckingius

214 1883 241 1929 01
259 1876 411 1927 1100001100
431 1876 558 1933 omittere
578 1887 633 1923 non
654 1873 802 1924 debebant.
839 1877 918 1938 Quod
936 1895 1002 1928 vero
1020 1879 1107 1929 frater
1125 1891 1182 1926 non

213 1949 290 1996 iuxta
306 1949 426 2010 patrem,
447 1941 497 1990 sed
521 1941 599 1989 iuxta
624 1956 705 1990 avum
724 1946 752 1990 et
776 1944 903 1994 similiter
921 1945 1053 2011 deinceps
1075 1959 1180 1994 rursum

214 2016 321 2064 locatus
341 2015 397 2072 est,
416 2024 470 2057 non
489 2012 546 2060 tam
565 2007 670 2057 idcirco
693 2008 799 2058 factum
818 2017 898 2076 puto,
922 2017 954 2061 ut
977 2017 1138 2079 appareret,
1158 2011 1182 2060 si

215 2082 260 2132 cui
278 2076 481 2144 patrifamilias,
495 2080 574 2138 pater
593 2090 695 2126 avusve
715 2081 905 2143 emancipator
923 2086 1063 2145 superstes
1082 2082 1127 2142 sit,
1147 2077 1182 2128 ad

214 2151 286 2199 hunc
308 2164 341 2196 ex
361 2145 468 2195 fortiori
488 2144 611 2194 directae
631 2145 831 2212 coniunctionis
849 2148 922 2211 iure,
941 2164 996 2198 non
1016 2149 1050 2198 ad
1067 2149 1182 2198 fratrem

216 2215 400 2267 hereditatem
419 2211 568 2276 pertinere,
588 2225 669 2274 quam
687 2215 718 2260 ut
737 2229 769 2262 ex
789 2214 895 2264 directa
913 2215 989 2264 linea
1006 2220 1182 2266 transversae

217 2284 320 2350 gradus
339 2281 580 2339 demonstraretur,
601 2294 635 2326 ex
654 2294 705 2343 quo
719 2281 777 2330 solo
791 2282 887 2346 agnati
905 2284 1100 2345 uestimentum
1120 2299 1183 2333 nam

219 2353 292 2400 idem
312 2347 412 2413 gradus
433 2349 475 2394 est
495 2360 546 2393 avo
571 2349 598 2394 et
621 2345 714 2410 fratri,
739 2363 842 2413 proavo
867 2353 895 2398 et
917 2355 1014 2413 patruo
1038 2356 1093 2400 ete.
1130 2351 1183 2401 sed

221 2423 249 2467 et
268 2417 338 2464 illud
358 2431 390 2463 ex
408 2412 476 2461 iuris
496 2411 587 2461 civilis
606 2414 763 2464 subtilitate
783 2421 918 2480 sumptum
937 2421 987 2478 001,
1008 2419 1081 2481 quod.
1098 2420 1184 2468 frater

220 2484 366 2544 bifariam,
389 2486 521 2541 tanquam
545 2480 633 2530 frater
659 2482 787 2532 defuncti
814 2485 887 2533 inter
911 2489 1041 2548 agnatos,
1069 2487 1094 2534 si
1120 2501 1184 2536 vero

222 2549 376 2614 complures
396 2563 428 2596 01
448 2545 543 2619 eodem
562 2552 642 2611 patre
661 2549 713 2598 filii
730 2550 842 2602 filiaeve
859 2550 905 2601 vel
922 2551 1042 2602 filiarum
1061 2553 1121 2602 loco
1141 2569 1186 2602 01-

220 2622 308 2679 01001,
323 2623 453 2680 tanquam
469 2619 692 2680 consanguineus
709 2619 783 2668 inter
799 2633 876 2680 suos,
897 2634 1007 2682 quorum
1026 2621 1085 2669 iure
1098 2635 1185 2684 paene

222 2685 422 2749 consanguinei
443 2683 637 2746 censebantur,
657 2685 787 2738 refertur,
823 2687 902 2746 Quod
921 2692 1012 2736 autem
1033 2689 1061 2736 in
1081 2702 1186 2751 suorum

220 2755 344 2819 personis
363 2749 494 2800 masculis
515 2749 624 2800 additur
643 2754 701 2815 ‘qui
720 2756 754 2803 01
765 2755 906 2818 potestate
926 2770 980 2804 non
1000 2756 1089 2815 exiit',
1108 2754 1185 2805 femi-

221 2823 265 2870 nis
283 2837 349 2872 vero
368 2825 455 2884 ‘quae
475 2819 504 2865 in
523 2833 604 2866 10000
623 2823 691 2883 001’,
712 2825 799 2884 ‘quae
824 2822 852 2870 in
876 2827 1015 2886 potestate
1035 2827 1104 2882 est',
1124 2837 1187 2871 ean-

222 2891 282 2938 dem
301 2890 386 2938 habet
404 2888 550 2948 rationem,
570 2891 682 2950 propter
701 2904 782 2952 quam
799 2887 842 2936 illi
860 2890 939 2952 quasi
958 2893 1044 2954 stipes
1064 2888 1187 2936 familiae

221 2959 251 3004 in
270 2957 360 3005 media
378 2953 449 3018 pila,
469 2953 576 3001 domum
599 2955 718 3005 maxime
743 2957 863 3018 ferente,
888 2957 941 3006 hae
965 2962 1094 3022 tanquam
1118 2956 1187 3004 rami

196 3064 197 3067 ,
220 3024 249 3072 in
273 3024 386 3071 sinistra
413 3025 440 3069 et
462 3021 558 3068 dextra
580 3019 639 3084 pila
662 3023 793 3088 parietali
821 3024 905 3086 positi
929 3030 1002 3074 sunt.
1042 3023 1092 3074 Uti
1117 3025 1187 3072 enim

223 3090 278 3138 illis
298 3092 404 3139 domum
423 3087 613 3152 familiamque
632 3091 766 3152 retinere,
786 3091 827 3139 ita
850 3092 892 3140 his
918 3107 971 3142 non
989 3103 1143 3156 propagare
1162 3097 1188 3140 et

222 3157 307 3208 100110
327 3157 482 3221 relinquere
501 3155 627 3205 naturale
647 3162 697 3211 001.
725 3159 777 3208 His
797 3159 951 3209 rationibus
964 3159 1118 3224 perspectis
1137 3173 1188 3207 non

223 3225 379 3288 dubitabis,
399 3225 452 3275 hoc
471 3227 625 3274 stemmatis
645 3225 791 3276 artificium
811 3241 844 3274 er
868 3226 972 3275 intimis
990 3226 1094 3278 veteris
1113 3227 1188 3275 iuris·

224 3397 245 3460 1)
265 3399 352 3446 Eadem
366 3400 456 3457 imago,
477 3398 545 3445 011001
559 3395 663 3457 00100110
678 3396 756 3454 effigie
775 3395 880 3450 adiecto,
893 3390 1002 3444 'recurrit
1018 3397 1043 3443 in
1061 3402 1189 3460 stemmate,

226 3466 287 3526 qnod
300 3465 393 3513 Reizins
407 3465 436 3513 sd
449 3462 555 3525 Theoph.
569 3469 588 3516 ³,
603 3469 635 3510 10.
650 3477 675 3512 er
689 3462 741 3512 cod.
753 3461 829 3512 instit.
844 3462 999 3511 D'orriiiiano
1013 3463 1096 3513 edidit.
