2648 3974
188 321 275 376 uicem
297 319 525 393 restipulationis:
547 320 595 376 sed
616 328 692 376 octor
711 321 869 393 sponsionis
886 301 1035 392 formulae
1055 320 1159 376 subicit

189 412 217 458 et
247 403 321 460 alind
348 404 476 460 iudicium
507 403 540 460 ile
566 421 596 459 re
621 404 789 460 restituenda
815 404 861 460 uel
886 403 1047 468 exhibenda,
1078 412 1109 460 ut
1134 405 1158 460 si

121 493 179 607 ⁶3³4}
191 488 339 560 sponsione
360 491 476 558 iriacrit,
505 488 558 542 nisi
578 490 602 544 ei
623 505 667 544 res
689 487 846 544 exhibentur
867 498 913 544 sut
935 481 1158 549 restituatur‚²⁰⁴

9 643 32 724 ῥ’
119 661 811 712 243.---—-—----——--—--,--—-—
901 689 916 693 ⁴-
937 689 958 693 -
1146 688 1153 694 -

27 751 29 754 '
123 735 175 782 lus.
308 771 311 776 .
350 771 353 774 ⁴
387 771 404 776 .,
556 758 581 795 v·
599 739 615 794 l
634 780 674 794 m
692 739 748 794 sepe
765 739 782 796 9
799 773 804 776 .
821 771 881 778 ....--
902 773 941 778 -..
957 773 984 776 ,-
1130 772 1155 777 ..-

190 167 239 216 316
511 177 574 214 osu
593 178 697 215 1nsr1r.
716 165 754 214 lV.
774 165 831 217 165.
1242 3 1317 213 Ἶ

1311 487 1317 828 Ῐ

188 951 1158 1018 thmfflwwmmfflwmmfflmmmme

188 1028 275 1071 secuta
288 1037 344 1070 esse
355 1023 487 1084 suspicor:
505 1023 655 1079 ‘tantidem
670 1023 759 1086 quami
774 1025 878 1085 sponsio
889 1022 962 1084 sacta
974 1023 1019 1078 sit,
1032 1023 1157 1070 aduersa-

188 1091 243 1139 rius
255 1091 450 1140 condemnetur:
463 1091 532 1154 quod
543 1090 659 1139 iudicium
671 1091 818 1152 appellatur
828 1091 987 1146 senatorium,
1000 1091 1059 1154 quia
1071 1091 1157 1153 sequi·

189 1165 230 1206 tur
241 1159 387 1221 sponsionis
398 1158 530 1214 uictoriam
544 1158 588 1220 (cs.
602 1155 628 1220 S.
639 1166 675 1206 169
683 1156 750 1219 fin).
769 1157 880 1222 Sponsio
890 1173 951 1207 uero
962 1163 987 1206 et
994 1158 1157 1220 restipulatio

189 1220 1154 1290 wmfflstwmmmmmmmstmmmmmmmm(WLAE

189 1289 1155 1356 &tstwwmmdnmwmwmfflmmmmwmffl)

187 1361 283 1410 Postea
297 1362 388 1416 indere,
402 1361 474 1422 apud
486 1375 556 1423 quera
573 1361 605 1408 de
618 1375 649 1408 ea
660 1361 690 1410 re
703 1361 795 1423 apitur,
808 1361 930 1426 requirit,
948 1376 982 1408 ou
994 1375 1054 1425 reus
1065 1366 1157 1409 eontra

189 1429 296 1477 edictum
308 1429 440 1490 praetoris
452 1442 502 1476 non
513 1429 708 1478 restitueritaut
717 1442 767 1477 non
780 1427 939 1482 enbibuerit,·
952 1431 1011 1478 etsi
1022 1428 1157 1476 secandum

188 1500 301 1544 actorem
312 1496 449 1543 iudicatum
467 1495 529 1551 erit,
543 1496 719 1546 aduersarium
731 1510 847 1544 suinmam
863 1496 1009 1558 sponsionis
1026 1495 1090 1544 etsi
1105 1509 1156 1544 non

188 1562 330 1612 restituerit
348 1563 389 1610 net
405 1577 455 1610 non
472 1561 629 1621 eaebibuerit,
653 1567 726 1612 etiarn
742 1565 870 1612 secularia
888 1563 981 1612 iudicio
997 1564 1155 1617 condemnat,

150 1652 153 1660 ,
190 1633 301 1677 actorem
313 1643 375 1677 uero
388 1631 591 1692 restipulationis
607 1629 730 1684 absoluit;
747 1632 839 1694 quodsi
854 1631 990 1679 secundum
1006 1645 1075 1679 reum
1092 1629 1156 1678 iudi·

188 1697 299 1752 cauerit,
313 1695 377 1744 buris
389 1698 534 1760 sponsionis
554 1705 579 1746 et
590 1699 713 1748 secutorii
726 1697 815 1746 iudicii
831 1697 951 1754 absoluit,
970 1705 1080 1748 actorem
1092 1711 1155 1746 uero

188 1764 392 1827 restipulationis
401 1767 560 1814 condemnat.
570 1789 603 1806 ¹-
616 1765 644 1814 Si
652 1765 849 1829 partitionum
858 1767 1019 1816 interdictum
1029 1766 1156 1816 redditum

186 1831 279 1894 licerit,
292 1833 359 1880 uelut
371 1847 402 1880 ne
414 1834 477 1897 quid
487 1835 513 1882 in
526 1835 580 1883 loco
597 1848 674 1883 sacro
683 1835 744 1896 piat,
756 1847 858 1897 semper
869 1848 923 1882 euin
936 1848 1022 1896 paena
1034 1847 1077 1882 res
1092 1848 1155 1898 per·

189 1900 282 1964 apitur.
303 1899 367 1948 Nam
378 1901 402 1948 si
413 1902 443 1958 is,
457 1916 509 1950 eum
523 1915 571 1964 quo
584 1902 682 1965 apitur,
696 1907 786 1968 eoptra
800 1902 908 1950 edictum
916 1903 1050 1964 praetoris
1059 1901 1155 1962 fecisse

189 1967 303 2024 dicatur,
317 1973 391 2016 actor
404 1983 457 2016 enm
468 1969 605 2031 sponsione
615 1975 753 2030 proiceret,
767 1969 794 2016 ai
805 1975 895 2018 contra
907 1969 1014 2017 edictum
1024 1969 1157 2031 praetoris

186 2035 295 2097 seceris·
306 2036 474 2084 aduersarius
486 2036 660 2098 restipulatur,
674 2037 799 2100 editisque
812 2035 843 2084 ab
856 2041 944 2085 actore
956 2037 1108 2098 sponsionis,
1122 2034 1156 2084 ab

188 2103 340 2152 aduersario
352 2103 554 2166 restipulationis
564 2102 682 2164 famulis
694 2110 768 2153 actor
777 2111 918 2168 praeterea
929 2104 1046 2152 iudicium
1054 2109 1155 2152 secuto·

188 2171 251 2218 mum
269 2171 332 2227 edit,
351 2186 400 2234 quo
417 2172 441 2219 si
455 2171 593 2234 sponsione
609 2171 713 2229 uicerit,
732 2171 899 2220 aduersarius
916 2172 1049 2228 tantidem,
1068 2173 1157 2235 quanti

188 2238 292 2300 sponsio
305 2239 346 2292 sit,
359 2239 549 2287 condemnatur.
583 2237 808 2288 Condemnationes
819 2253 881 2288 uero
901 2245 926 2286 et
938 2237 1107 2287 absolutiones
1119 2239 1153 2286 si·

188 2306 281 2354 mittier
288 2306 366 2366 fiunt,
380 2311 407 2352 ut
419 2308 445 2354 in
457 2307 623 2355 restitutoriis
639 2306 784 2356 interdictis
801 2307 930 2355 diximus)
943 2331 973 2340 -
993 2305 1063 2354 Hinc
1076 2304 1155 2353 Gaius

188 2371 233 2420 sub
243 2373 318 2427 finem
326 2374 440 2435 popinae
453 2376 585 2420 transitum
600 2373 700 2435 fecisse·
711 2374 812 2422 videtur
827 2375 863 2423 od
879 2373 1016 2422 interdicta
1033 2372 1152 2435 duplicia,

189 2446 214 2487 et
231 2440 267 2486 ita
286 2439 396 2502 quidem,
418 2447 445 2488 ut
460 2441 568 2502 primam
586 2441 710 2490 diuersum
727 2456 812 2490 eorum
828 2457 898 2490 usnrn
913 2441 1072 2500 ostenderet,
1087 2440 1155 2504 quod

189 2513 232 2554 aza
245 2507 405 2568 possessioni
421 2509 461 2556 uei
478 2509 552 2570 qnasi
564 2511 725 2572 possessioni
740 2506 779 2571 (8.
799 2506 845 2571 139)
863 2509 986 2558 adversius
1003 2509 1049 2557 uim
1065 2507 1154 2576 defen·

189 2573 290 2623 dendae'
302 2575 400 2622 omnino
413 2575 559 2630 inserviunt,
573 2578 658 2625 auide
668 2577 832 2640 proprietate
844 2575 1052 2626 contendentibus
1061 2575 1156 2624 dantur

189 2636 229 2703 (3.
245 2637 303 2700 148).
333 2641 378 2689 Ad
387 2643 502 2704 priorem
514 2644 694 2706 disputationis
707 2649 805 2707 partem
821 2645 975 2707 pertinuisse
986 2643 1104 2696 uidentur
1115 2643 1155 2692 tit-

189 2715 300 2758 terarum
312 2711 418 2772 uestipia
430 2725 504 2759 uersu
517 2719 535 2762 1.
547 2728 576 2775 p.
589 2719 634 2762 243.
649 2712 787 2775 conspicua
799 2718 824 2760 et
839 2712 954 2774 sortasse
971 2711 1009 2760 ita
1024 2713 1154 2774 interpre-

188 2775 282 2825 tanda:
299 2777 338 2824 ‘si
348 2780 404 2842 qais
416 2793 469 2826 cnm
482 2780 533 2828 elio
546 2787 623 2828 utatur
635 2770 664 2842 aii
677 2779 708 2842 qp
720 2781 803 2842 (equa,
817 2794 877 2843 quse
888 2777 941 2844 per)
959 2779 1064 2827 eundem
1075 2780 1155 2826 monne

188 2840 1153 2910 mmfflfflbofflnstmmmwmmkmwmm,

187 2926 255 2976 quae
272 2912 463 2962 interdictorum
478 2913 569 2965 iltrnbi
585 2921 610 2963 et
628 2913 672 2963 Uti
684 2913 824 2977 possidetis
838 2915 951 2978 propria
970 2919 1021 2976 est,
1040 2929 1090 2964 non
1106 2914 1153 2961 du·

187 2979 238 3028 bita
250 2979 313 3028 baec
325 2982 457 3045 desumpta
470 2997 525 3030 esse
538 2997 555 3030 a
566 2981 710 3032 Instiuinno
731 2980 757 3045 S.
770 2990 791 3034 t.
803 2981 829 3048 ζ.
843 2983 874 3032 de
886 2983 980 3033 interd.
995 2979 1025 3044 (t,
1039 2977 1073 3044 to)
1086 2982 1156 3028 inter

188 3045 215 3110 8.
232 3053 274 3098 itt.
289 3055 314 3097 et
327 3057 371 3100 tto.
386 3050 540 3098 intercalata
559 3047 689 3114 ‘Namque
706 3049 757 3098 nisi
771 3055 830 3098 ante
844 3085 931 3099 .....
945 3049 1056 3098 iudicari
1069 3049 1154 3097 solet.>

187 3130 251 3179 quae
264 3117 330 3166 adeo
344 3117 444 3166 Gaiana
456 3124 520 3174 sunt,
534 3121 562 3164 ut
574 3119 658 3166 necin
671 3123 766 3166 tentum
779 3131 810 3166 ea
821 3119 940 3181 recipere
953 3116 1095 3165 dubitarim.
1109 3115 1157 3165 Ad

186 3184 251 3233 idem
262 3199 323 3234 uero
336 3191 505 3248 arpnmenturn
517 3191 636 3248 spectant
648 3186 726 3234 etiam
738 3199 803 3249 quae
815 3185 898 3236 Btum.
912 3185 985 3234 initio
997 3199 1020 3232 u.
1034 3192 1068 3234 21.
1082 3188 1106 3232 et
1118 3191 1153 3232 n.

181 3395 264 3504 Ἠ,
286 3403 336 3450 pro
353 3386 418 3437 Tua.
431 3395 464 3438 30.
478 3395 511 3436 tt.
530 3389 567 3437 ad
578 3388 630 3440 diu.
644 3397 669 3444 t,
683 3350 716 3437 n.
737 3386 838 3447 Quintil.
851 3387 877 3436 Ι.
892 3386 920 3436 O.
933 3396 958 3448 7,
970 3395 991 3438 t.
1008 3383 1036 3448 S.
1049 3393 1069 3434 3.
1093 3385 1157 3434 Leae

207 3463 343 3504 anem
