2588 3954
179 193 211 228 VI
576 198 742 234 amaranto.

84 333 86 336 ’
179 343 305 399 secutus,
328 338 418 393 statim
434 338 461 394 in
476 339 556 394 titulo
578 341 667 414 operis
689 339 721 395 ad
747 341 984 414 iurisprudentiam
1005 345 1144 399 anteiusti·

180 438 285 492 nianam
306 437 333 492 id
359 437 450 494 retuli.
485 439 686 514 ltaqueetiam
711 441 788 498 ‘Divi
811 441 936 498 Hadriani
952 445 1099 500 sententias
1116 453 1143 500 et

56 515 60 524 ’
79 558 81 562 ’
178 538 309 611 epistolas
317 539 337 602 ',
353 556 368 594 a
383 539 511 619 Dositlreo
527 543 701 615 grammatico
717 541 795 598 nobis
811 551 943 608 servatas,
966 561 1031 618 quas
1048 544 1143 601 Schul-

179 640 282 714 tiugius
299 641 410 713 recepit,
424 641 586 700 omittendas
600 644 706 718 censui;
724 652 754 699 ut
770 645 841 699 enirn
856 646 939 718 ipsae,
957 654 1091 720 quatenus
1110 646 1142 701 ad
1197 631 1203 635 ’

178 741 220 796 ius
234 743 385 814 pertinent,
408 742 649 800 constitutionibus
667 745 819 818 principum
838 747 897 806 siue
917 743 999 803 dubio
1015 747 1143 803 adnume·

178 842 276 898 randae
291 850 365 906 sunt,
382 843 419 902 ita
433 858 484 898 nec
497 845 660 917 compositio
676 860 777 910 earum,
794 863 845 920 qua
860 846 1004 903 Dositheus
1016 865 1082 903 usus
1091 825 1141 910 est,

178 943 403 1000 aiurisconsulto
418 944 540 1017 proiecta
553 946 596 1002 vel
611 947 677 1002 iuris
693 947 777 1004 studii
790 947 969 1021 promovendi
980 964 1058 1004 cansa
1074 948 1142 1004 iacta

178 1061 240 1101 esse
256 1045 370 1102 videtur.
408 1044 467 1101 lloc
486 1045 558 1101 idem
580 1046 688 1120 quidem
709 1048 743 1104 dc
763 1047 904 1106 (lodicibus
927 1049 1093 1122 Gregoriano
1115 1059 1143 1105 et
1249 1045 1252 1050 ’

179 1145 396 1224 llermogeniauro
417 1145 469 1204 dici
488 1149 597 1220 nequit,
619 1135 765 1221 exquibus
783 1151 863 1206 etiam
888 1149 1046 1224 visigothos
1071 1157 1142 1222 'quae

178 1256 375 1322 excerpserunt
389 1250 542 1306 interioris
564 1248 652 1308 civilis
667 1249 798 1308 scintillas
814 1251 941 1308 retulisse
961 1253 1026 1308 satis
1046 1260 1141 1307 notum

178 1358 230 1414 est,
246 1367 297 1406 nec
311 1349 436 1423 proiecto
450 1367 577 1424 peccasse
592 1351 658 1408 mibi
673 1351 791 1416 viderer.
812 1354 836 1408 si
857 1353 909 1408 hos
930 1369 1040 1426 quoque
1060 1351 1142 1410 admi·
1212 1331 1219 1346 ’

178 1451 291 1514 siccem:
310 1467 393 1524 quum
408 1457 512 1515 tamen,
529 1468 598 1525 quae
613 1469 686 1509 nunc
706 1469 739 1508 er
760 1453 802 1510 his
823 1452 966 1510 (lodicibus
986 1463 1143 1527 supersunt,

178 1569 212 1609 ex
228 1554 311 1608 meris
328 1552 570 1611 constitutionibus
585 1555 736 1628 principum
752 1557 924 1617 consistant„
938 1572 971 1614 en
985 1571 1016 1611 ea
1030 1557 1143 1617 ratione.

179 1670 233 1728 qua
255 1671 328 1710 nunc
348 1655 415 1712 iuris
437 1653 523 1710 civilis
538 1654 629 1713 loutes
650 1656 789 1712 intuemur
808 1664 837 1712 et
857 1663 1017 1719 tractamus,
1042 1657 1143 1712 rectius

179 1763 260 1830 atque
276 1755 429 1814 consultius
447 1755 535 1812 iacere
550 1755 693 1812 arbitratus
709 1772 779 1820 sum,
794 1759 819 1814 si
833 1773 881 1814 eos
896 1759 1060 1815 omitterem-
1090 1756 1144 1812 Nec

179 1873 244 1944 vero
261 1857 476 1914 honorationem
491 1873 523 1913 eo
538 1856 702 1931 perducere,
719 1866 750 1914 ut
770 1859 850 1920 etiam
865 1857 990 1930 singulae
1010 1857 1143 1914 constitu·

178 1959 278 2021 tiones,
294 1973 363 2032 quae
378 1958 407 2014 in
421 1957 585 2022 Collatione,
607 1956 776 2032 Fragmentis
799 1957 931 2014 Vaticanis
954 1964 982 2014 et
1002 1955 1145 2012 Consulta-

179 2061 255 2119 tionc
272 2061 456 2123 inveniuntur,
471 2059 616 2118 eiiciendae
632 2059 816 2124 luissentuin
831 2066 882 2122 est,
899 2057 972 2132 quod
987 2073 1120 2116 moneam.

242 2160 302 2216 Alie
323 2177 357 2216 on
378 2170 455 2234 parte
474 2169 566 2218 certos
582 2159 650 2218 lines
666 2160 734 2224 mibi
751 2158 957 2234 praescribebat·
969 2160 1014 2216 illa
1034 2161 1143 2222 taxatio.

179 2277 248 2336 quae
264 2261 296 2317 ad
317 2263 359 2317 ius
381 2264 635 2338 anteiustiuiuueum
655 2263 725 2318 bauo
743 2261 932 2318 collectionem
953 2259 1142 2334 restringebat.

179 2359 365 2436 Quaecunque
380 2364 467 2437 igitur
482 2361 557 2420 libris
570 2365 636 2420 iuris
652 2381 667 2424 a
681 2363 829 2418 Iustiniano
851 2362 982 2418 coniectis
1003 2362 1144 2417 continen-

179 2471 232 2526 tur.
250 2479 302 2519 nec
316 2463 367 2520 alia
383 2466 488 2522 ratione
504 2481 537 2522 ex
552 2464 712 2536 antiquitate
727 2461 760 2520 ad
775 2479 826 2520 uos
841 2470 1038 2535 pervenerunt,
1060 2461 1145 2518 alicua

179 2563 214 2620 ab
223 2564 280 2621 hoc
294 2581 380 2639 opere
394 2564 468 2622 duxi.
499 2565 574 2622 llanc
588 2565 799 2620 venerationem
812 2561 886 2636 quod
901 2563 928 2620 iu
944 2571 1047 2619 tantum
1062 2564 1144 2626 tenui,

179 2674 211 2721 ut
231 2668 310 2724 etiam
332 2666 440 2740 singula
461 2665 634 2740 Digestorum
652 2663 695 2720 vel
720 2663 925 2756 Institutioupm
945 2664 1018 2726 loca,
1047 2663 1145 2738 quibus

179 2769 267 2824 mun
279 2767 326 2826 vu
341 2767 463 2826 uenum
477 2766 538 2824 run
552 2750 637 2826 uuus·
645 2765 814 2824 onerosus
825 2766 938 2839 proptu.
952 2766 1027 2822 veru
1040 2765 1144 2840 urpnn

179 2868 250 2926 liber
264 2869 411 2944 singularis
426 2867 600 2942 Regularum.
618 2866 739 2926 eiusdem
747 2865 934 2924 Institutiones
947 2875 974 2924 et
984 2866 1071 2922 Paulli
1077 2866 1145 2922 Sen-

179 2972 282 3028 tentiae
297 2971 399 3046 repleri
411 2978 547 3044 poteraut,
564 2978 592 3026 et
606 2970 703 3044 partim
718 2970 746 3024 in
757 2967 920 3024 editionibus
932 2967 1031 3040 repleri
1042 2966 1144 3029 solent,

180 3089 232 3128 suo
253 3073 328 3136 loco,
351 3071 439 3130 verbis
460 3072 525 3146 ipsis
542 3068 664 3134 omissis,
685 3077 790 3128 tantum
805 3068 964 3129 indicarem.
985 3065 1026 3129 id,
1048 3065 1145 3130 fateor,

180 3174 262 3230 simul
277 3174 320 3230 vol
340 3174 420 3230 etiam
435 3174 520 3247 magis
536 3172 587 3230 alia
603 3171 639 3230 de
659 3187 753 3232 causa,
769 3169 872 3226 scilicet
894 3176 925 3223 nt
946 3167 1034 3241 spatio
1054 3183 1148 3241 parce·

181 3281 247 3341 rom,
264 3276 366 3332 laotrrm
381 3283 432 3338 est,
448 3271 623 3349 quamobrem
638 3272 707 3330 idem
723 3271 879 3328 institutum
891 3269 972 3326 etiam
983 3269 1011 3324 iu
1024 3268 1065 3324 his
1078 3266 1147 3325 locis

182 3377 330 3441 custodivi,
358 3385 427 3450 quae
447 3391 480 3432 er
501 3375 559 3432 allis
579 3372 700 3447 partibus
722 3377 831 3428 nostrae
852 3369 1021 3426 collectionis
1042 3375 1149 3425 servata

181 3488 256 3542 sunt.
272 3478 380 3552 (utputa
394 3476 480 3532 Paulli
502 3475 657 3539 Sententiae
670 3476 700 3532 in
714 3470 938 3543 Consultationc).
955 3478 983 3528 et
997 3471 1097 3528 recessi
1116 3468 1149 3526 ab
