2634 3960
174 114 224 162 184
280 83 290 97 ’
458 125 519 162 eun
537 125 642 160 rnsrrr.
661 111 690 160 11.
712 112 853 162 173-178.

171 269 225 324 lius
241 275 268 324 et
284 270 373 342 aptius
390 276 431 323 est
448 267 554 341 uulgari
570 268 691 322 cretione
707 268 755 322 uti.
801 263 863 324 173.
889 265 1015 340 ’(Είίαηι)
1025 261 1064 300 ¹²⁶
1079 285 1144 324 eon·

171 355 248 408 tinne
264 353 330 408 haee
346 353 431 408 cretio
447 361 575 414 uocatur,
593 353 655 424 quia
670 352 795 408 continui
811 352 867 407 dies
883 361 1073 415 numerantur;
1095 353 1144 408 sed

172 431 252 510 quia⁷
276 436 343 492 dura
364 446 406 492 est
428 437 496 492 hacc
517 438 617 499 cretio,
646 436 730 490 altera
752 437 852 510 'magis
873 438 901 492 in
922 430 993 493 usu⁸
1015 435 1143 498 habetur:

172 521 245 578 uude
261 523 341 578 etiam
357 521 478 594 uulgaris
495 521 564 576 dicta
580 527 630 576 est.

236 625 278 662 nu
309 619 617 663 svnsnrrrrroumvs.
668 600 730 662 174.
760 604 898 662 interdum
926 605 995 660 duos
1016 605 1146 678 pluresne
1194 677 1197 680 Ι

175 682 275 765 gradus
294 690 424 745 heredum
441 690 565 752 faciasne,
588 690 639 744 hoc
661 689 756 745 modo:
778 704 1020 763 IEEUUHQ
1041 705 1143 745 rannus

172 790 254 832 nero
279 789 478 838 onnumoovu
499 790 532 831 ru
551 788 666 830 meurs
684 771 828 846 (onumen)
843 789 1006 835 retextum,
1031 788 1145 848 oureus

176 873 264 916 some
280 873 487 922 Pornmsovn.
514 873 633 922 ovonm
649 875 701 913 lna
719 872 880 920 onuvmus,
892 873 1036 915 nxnantrs
1052 873 1141 914 usne.

174 960 239 1001 run
255 958 370 1024 Q
386 958 488 1000 annus
505 957 585 998 nero
609 957 807 1006 oneumoovn
831 958 864 998 ru
883 957 997 1000 nmuvs
1019 959 1146 1000 onuuvn

174 1036 202 1083 et
216 1027 335 1101 reliqna;
359 1035 386 1083 et
409 1028 537 1101 deinceps
559 1028 586 1082 in
603 1035 732 1099 quantum
748 1027 879 1088 uelimus,
895 1027 1061 1083 substituere
1081 1044 1146 1100 pos·
1187 1067 1189 1072 -

173 1129 277 1167 snmus.
324 1109 383 1169 175.
408 1110 441 1167 Et
462 1112 526 1167 lieet
540 1110 618 1166 nohis
635 1111 679 1166 uel
697 1127 779 1166 unum
799 1112 827 1166 in
843 1113 923 1166 nnius
939 1112 1028 1167 locum
1044 1111 1144 1166 substi·
1214 1150 1216 1154 .

174 1205 252 1252 tuere
278 1195 422 1270 pluresue,
451 1204 478 1252 et
504 1203 598 1252 eontra
624 1197 652 1250 in
678 1195 797 1269 plurium
817 1195 907 1250 loenm
930 1196 973 1251 uel
995 1212 1077 1251 unum
1098 1195 1144 1250 uei

173 1281 267 1355 piures
289 1280 463 1336 substituere.
510 1275 572 1336 176.
596 1279 686 1335 Primo
707 1281 797 1352 itaque
818 1280 904 1353 gradu
924 1283 1044 1352 scriptus
1064 1280 1144 1336 heres

174 1365 351 1421 hereditatem
367 1365 504 1421 cernendo
527 1363 558 1420 fit
573 1365 652 1419 heres
674 1371 701 1420 et
716 1362 880 1419 substitutus
902 1365 1065 1427 excluditur:
1088 1381 1144 1419 uon

175 1448 312 1504 cernendo
329 1456 530 1510 summouetnr,
548 1449 652 1504 etiamsi
673 1465 723 1522 pro
740 1448 840 1504 herede
857 1458 945 1522 gerat,
969 1457 996 1504 et
1010 1451 1038 1504 in
1054 1448 1144 1504 locum

136 1576 143 1588 .
175 1533 232 1588 eins
254 1531 419 1587 substitutus
441 1533 575 1595 succedit;
605 1542 632 1587 et
654 1533 780 1605 deinceps
803 1533 938 1605 sipiares
960 1533 1060 1607 gradus
1081 1533 1144 1594 sint,

173 1619 201 1672 iu
217 1616 333 1688 singulis
350 1616 430 1672 simiti
450 1618 555 1672 ratione
576 1616 646 1673 idem
667 1619 811 1690 contingit.
856 1613 915 1673 177.
940 1617 996 1674 Sed
1015 1619 1038 1673 si
1059 1618 1144 1674 cretio

173 1702 233 1756 sine
256 1700 465 1756 exheredatione
485 1702 520 1756 sit
542 1701 615 1762 data,
642 1701 670 1756 id
697 1709 739 1756 est
758 1705 788 1776 in
817 1701 881 1757 haee
901 1701 997 1758 uerba:
1027 1719 1056 1760 st
1081 1717 1144 1758 nou

36 1807 147 1852 matr,
175 1799 344 1846 oneratus,
368 1802 431 1843 nvn
445 1800 709 1864 &aprus-neptus
731 1801 832 1842 urens
849 1802 944 1848 nero,
965 1787 1036 1844 illud
1055 1786 1144 1842 diner-

31 1867 87 1944 Ὗ1
175 1886 235 1924 sum
256 1870 410 1932 inuenitur,
431 1864 531 1944 jqoiat
555 1871 577 1923 si
598 1857 794 1943 prior‘omissa
821 1872 941 1926 cretione
967 1889 1017 1944 pro
1044 1870 1144 1926 herede

175 1962 268 2028 gerat,
285 1953 450 2010 substitutus
466 1955 493 2010 iu
509 1961 613 2027 partem
629 1952 794 2016 admittitur,
812 1963 839 2009 et
851 1952 929 2010 ¹fiunt
950 1955 1028 2011 ambo
1051 1956 1143 2027 aequis

25 2091 30 2095 .
123 2038 299 2112 99.partibus
317 2033 321 2115 1
339 2039 467 2102 he1·edes;
496 2040 594 2111 quodsi
621 2055 710 2110 neque
736 2047 827 2094 cernat
852 2055 940 2112 neque
967 2057 1018 2112 pro
1045 2039 1144 2095 herede

175 2130 267 2196 gerat,
284 2140 349 2179 sane
364 2123 391 2178 in
410 2125 564 2179 universum
580 2133 777 2184 summonetur,
794 2132 821 2178 et
836 2121 1000 2180 substitutus
1016 2125 1044 2180 in
1058 2129 1143 2179 totam

128 2267 130 2270 ,
175 2207 352 2262 hereditatem
369 2209 498 2264 succedit.
530 2203 593 2264 178.
618 2207 672 2262 Sed
687 2207 789 2264 dadum
805 2208 913 2281 quidem
927 2208 1036 2281 placuit,
1053 2223 1144 2281 qnam·

175 2291 222 2346 din
238 2308 349 2346 cernere
370 2301 397 2348 et
419 2309 451 2348 eo
468 2292 549 2348 modo
565 2293 645 2347 heres
667 2290 726 2347 fieri
745 2294 834 2365 possit
853 2293 942 2364 prior,
967 2295 1070 2348 etiamsi
1092 2309 1142 2364 pro

174 2373 275 2429 herede
299 2377 427 2448 gesserit,
454 2394 509 2431 non
532 2384 620 2430 tamen
641 2375 746 2431 admitti
772 2375 962 2440 substitutum
989 2393 1050 2432 enm
1075 2391 1143 2431 nero

176 2459 262 2512 cretio
279 2457 354 2513 finita
369 2461 417 2521 sit,
436 2467 492 2514 tum
508 2476 559 2532 pro
576 2460 676 2515 herede
692 2468 833 2533 gerentem
850 2461 991 2518 admittere
1011 2461 1143 2517 substitu-

174 2551 249 2597 tum:
272 2546 336 2598 otim
352 2559 418 2598 nero
434 2543 548 2616 piacnit,
571 2545 650 2598 etiam
671 2553 816 2617 superante
837 2547 959 2602 cretione
979 2561 1061 2619 posse
1082 2562 1143 2600 eum

174 2642 226 2700 pro
248 2625 348 2681 herede
371 2626 490 2700 gerendo
506 2629 534 2682 in
553 2635 657 2700 partem
679 2628 858 2685 substitutum
879 2631 1020 2687 admittere
1041 2640 1070 2686 et
1090 2647 1145 2686 am·

174 2709 248 2782 plius
265 2710 296 2765 ad
313 2711 462 2767 cretionem
477 2712 579 2766 reuerti
594 2729 649 2768 nou
664 2730 756 2786 posse.

175 2825 376 2834 m..

177 2890 219 2956 126)
234 2892 357 2958 Suppleat‘
370 2893 494 2957 (fortasse
507 2893 637 2943 aberravit
649 2903 677 2943 et
704 2897 812 2960 indeque
827 2897 922 2958 sartum
935 2898 1006 2960 infra
1018 2900 1145 2948 caelestum

176 2959 222 3021 tm)
237 2967 262 3009 et
273 2963 419 3012 necessario
433 2963 545 3026 quidem,-
558 2978 613 3010 nam
625 2977 705 3026 supra
716 2961 742 3026 8.
752 2974 795 3016 tu.
809 2965 921 3021 dixerut,
931 2964 997 3014 hanc
1009 2970 1146 3015 cretionem

175 3035 302 3078 certorum
315 3031 411 3078 dieram
423 3030 517 3078 uocari.
567 3029 587 3092 ⁷)
601 3029 742 3080 Inter-serit
754 3032 786 3079 tin
799 3031 827 3082 0.
845 3034 911 3081 tande
930 3040 976 3082 tam
990 3047 1024 3081 ecc
1039 3033 1145 3083 Goesch.

175 3097 211 3156 ej.
225 3098 300 3159 prior
316 3113 370 3146 meu
384 3099 424 3146 ed.
450 3107 526 3146 tamen
540 3097 599 3146 edd.
630 3099 679 3146 sed
693 3100 792 3148 tenetote
809 3101 987 3149 circumdatum
1005 3102 1045 3149 ed.
1059 3100 1109 3164 Bp.
1123 3111 1143 3149 5.

175 3163 196 3227 8)
210 3164 257 3214 Eae
271 3165 376 3217 Goesch.
390 3167 429 3214 ed.
444 3167 521 3214 minus
535 3163 595 3229 (pro
608 3164 726 3229 mginnsn)
741 3166 769 3216 C.
788 3168 812 3215 iu
826 3183 869 3216 usu
883 3169 923 3216 ed.
937 3167 985 3231 Bp.
1022 3165 1042 3231 ⁰)
1056 3168 1147 3216 Malim

174 3330 200 3398 ξ.
216 3337 272 3384 174.
291 3334 333 3397 Of.
350 3335 407 3398 tltp.
422 3344 459 3394 22,
474 3343 505 3384 33.
523 3353 564 3399 pr.
578 3336 603 3389 I.
619 3339 650 3386 de
663 3336 726 3416 vaip:
739 3336 817 3386 sabat.
832 3334 867 3396 (2,
883 3334 926 3452 12.
946 3337 998 3386 Cic.
1017 3337 1052 3385 ad
1063 3337 1144 3386 Attio.

175 3405 288 3464 aaafin.
359 3399 384 3468 ξ.
399 3405 456 3454 176.
476 3402 516 3465 Cf.
532 3402 559 3468 g.
576 3413 619 3452 rae.
689 3401 733 3470 §p
749 3405 805 3453 ttt.
821 3405 880 3454 178.
917 3404 1012 3468 tUtp.
1026 3412 1110 3461 aaut·
