2634 3966
224 167 258 216 84
666 177 759 214 estve.

225 316 319 366 malim
347 317 463 381 opinari.
506 314 621 375 Quando
648 329 714 364 vero
742 313 855 376 obierit,
880 314 1027 364 nescimus.
1075 315 1194 364 Tantum

225 383 368 436 Commodi
385 388 510 448 tempora
530 380 695 444 (tte—192.)
719 396 780 431 eum
798 380 919 444 vidisse,
934 397 979 441 ,ex
997 397 1044 441 eo,
1069 383 1140 446 quod
1160 383 1195 434 ad

226 451 278 502 SC.
298 451 493 515 Orphitianum
512 450 633 514 scripsit,
653 448 781 501 eflicitur.

293 519 369 568 Idam
382 519 538 568 Momsenus
557 515 574 569 l.
589 531 612 566 c.
626 516 726 566 Gaium
740 514 849 566 ‘ICtum
866 516 1084 580 provincialem’
1099 516 1195 582 tuisse,

228 587 276 652 qui
294 588 323 636 in
342 587 460 647 oriente,
481 589 508 634 et
525 589 556 633 ut
574 583 758 648 probabiliter
776 587 897 632 statuere
915 583 1016 646 liceat,
1040 583 1151 652 Q
1159 587 1197 649 in

226 655 294 718 hsta
317 654 360 718 ius
377 652 508 714 ,docuerit
531 651 671 716 librosque
695 665 760 700 suos
780 650 911 710 ediderit,
936 666 1045 715 magno,
1066 656 1096 700 ut
1114 652 1195 713 solet,

228 721 352 772 acumine
371 720 513 770 adstruere
533 715 648 768 conatus
668 722 722 767 est:
743 720 913 782 argumentis
925 721 1027 781 tamen,
1042 718 1112 783 quod
1125 734 1195 784 pace
1288 773 1290 776 ,
1310 715 1311 724 ’

226 789 280 839 viri
298 788 332 836 de
351 788 394 837 his
413 787 514 836 litteris
527 786 698 835 meritissimi
716 785 839 850 mihique
854 785 940 848 amici·
953 784 1081 847 dixerim,
1104 787 1195 837 admo·

164 853 537 986 ftttttbtttttutt
551 849 1015 986 {liiilhililliihbli'tl‘l
1029 854 1197 970 hillidii?

227 995 294 1056 pato
311 989 450 1054 disputat,
469 990 662 1052 imperatorum
679 983 796 1038 maxime
814 1002 884 1037 aevo
902 988 1018 1036 eandem
1036 988 1197 1053 appellandi

229 1057 457 1108 consuetudinem
470 1057 555 1105 certis
569 1071 601 1104 ex
614 1055 705 1104 causis
719 1055 802 1104 etiam
815 1055 919 1104 Romae
933 1055 1096 1118 obtinuisse,
1110 1056 1197 1106 multa

229 1123 356 1188 exempla
373 1124 451 1174 velut
467 1123 662 1188 imperatorum
681 1121 758 1180 Gaii,
776 1121 848 1186 Titi,
865 1123 968 1186 Marci,
987 1128 1015 1173 et
1033 1139 1093 1173 cum
1105 1124 1151 1174 hic
1163 1124 1197 1174 de

228 1191 484 1242 iurisconsultorum
495 1205 568 1240 more
579 1195 736 1254 quaeratur,
750 1190 826 1239 Sexti
839 1189 1001 1254 (Pomponii,
1016 1191 1197 1240 cf.Zimmern

228 1261 304 1312 Hist.
318 1260 407 1320 iur,§.
421 1261 461 1310 92.
476 1264 530 1310 not.
544 1256 582 1318 6ι)
597 1262 624 1307 et
635 1259 723 1322 ipsius
736 1256 802 1306 Gaii
816 1256 919 1321 (Cassii
931 1259 1060 1324 Longini,
1076 1259 1112 1308 cf.
1127 1259 1198 1308 Zim-

229 1341 306 1377 mern
318 1326 335 1374 l.
349 1340 373 1376 c.
387 1328 410 1386 ξ.
423 1327 464 1377 85.
477 1329 533 1378 net.
545 1324 597 1388 25.)
610 1325 764 1375 ostendunt.
783 1325 893 1376 Deinde
907 1326 980 1388 quod
989 1325 1053 1376 Gaii
1066 1341 1198 1392 responsa

230 1411 285 1445 non
303 1398 411 1456 extant,
429 1394 488 1457 ipse
507 1392 651 1443 confitetur
663 1393 834 1454 Momaenus,
856 1393 939 1442 etiam
951 1393 1056 1444 Romae
1075 1395 1198 1459 potuisse

230 1461 335 1523 IOtum,
355 1463 401 1524 qui
419 1460 610 1524 respondendo
629 1475 740 1524 operam
757 1475 811 1510 non
825 1460 913 1523 daret,
928 1461 1038 1526 scriptis
1051 1462 1197 1513 inclarere.

230 1529 267 1580 At
285 1529 371 1578 Gaius
393 1529 514 1577 edictum
536 1528 707 1591 provinciale
727 1533 926 1578 commentatus
945 1533 994 1578 est.
1025 1529 1096 1593 qnod
1113 1529 1198 1580 Mom-

231 1611 315 1648 senus
334 1599 420 1660 negat
438 1595 492 1644 nisi
512 1595 545 1644 de
565 1600 673 1657 certae,
699 1598 794 1659 itaque
814 1596 886 1659 eius,
912 1611 993 1659 quam
1010 1597 1200 1660 inhabitabat,

231 1664 393 1730 provinciae
414 1662 504 1712 edicto
517 1663 638 1728 intelligi
657 1679 746 1728 posse,
766 1677 881 1728 eamque
899 1663 995 1713 Asiam
1014 1664 1100 1714 fuisse
1120 1670 1199 1714 antu,

230 1735 303 1793 mat,
330 1745 390 1780 cum
410 1731 497 1780 Gaius
514 1730 694 1796 Bithynorum
719 1737 747 1780 et
771 1731 934 1780 Galatarum
958 1734 1131 1797 peregrinum
1155 1735 1199 1782 ius

232 1796 315 1862 (Inst.
329 1799 353 1862 1,
367 1800 408 1848 55.
423 1795 493 1862 193.)
508 1802 536 1848 et
548 1798 674 1860 Troadis,
688 1799 785 1862 Beryti
798 1803 826 1848 et
836 1799 1005 1864 Dyrrhachii
1017 1800 1060 1849 ius
1071 1800 1200 1849 Italicum

233 1863 279 1932 (L.
293 1868 316 1915 1.
335 1866 370 1918 D.
389 1864 625 1931 decens.50,15)
645 1869 907 1918 commemoraverit.
930 1865 986 1917 Sed
1005 1867 1037 1928 si,
1057 1871 1088 1916 ut
1106 1868 1199 1917 existi-

231 1938 302 1996 mat,
320 1934 434 1982 multum
453 1933 535 1984 etiam
554 1938 619 1983 tunc
632 1934 801 2000 singularum
813 1935 1017 2000 provinciarum
1035 1934 1201 1986 differebant

233 1999 326 2050 edicta
350 2005 378 2050 et
399 2015 467 2052 suae
489 2002 651 2066 provinciae
675 2003 795 2052 edictum
815 2003 902 2054 Gaius
929 2007 1129 2053 commentatus
1149 2008 1200 2066 est,

233 2082 287 2117 non
307 2067 360 2116 ‘ad
374 2068 494 2119 edictum
507 2069 678 2134 provinciale
686 2075 703 2131 ',
724 2070 828 2135 opinor,
849 2071 897 2120 sed
916 2075 925 2101 ‘
934 2071 969 2121 ad
988 2071 1110 2121 edictum
1121 2073 1202 2132 Asia-

233 2134 336 2183 ticum'
362 2133 403 2198 (ut
428 2141 470 2186 est
492 2137 593 2201 ubique
618 2138 647 2186 in
666 2136 809 2188 Ciceronis
827 2139 952 2188 Verrinis
977 2139 1113 2188 ‘edictum
1132 2139 1202 2189 Siei-

232 2201 351 2263 liense’)
370 2201 416 2252 vel
434 2207 508 2254 certe
529 2203 577 2254 ‘ad
596 2205 716 2255 edictum
734 2205 906 2271 proconsulis
924 2207 1086 2270 provinciae
1104 2206 1201 2257 Asiae'

232 2267 333 2317 librum
352 2283 429 2318 suum
448 2271 601 2323 inscribere
620 2273 728 2334 debuit3
742 2287 806 2322 nam
818 2274 990 2338 provinciale
1004 2275 1124 2324 edictum
1138 2275 1202 2324 sim·

233 2334 345 2399 pliciter
364 2334 466 2386 dictum
487 2353 520 2387 ex
539 2341 684 2404 analogia,
709 2357 763 2406 qua
780 2341 953 2406 provinciale
971 2342 1071 2403 solnm,
1091 2342 1202 2406 provin·

235 2401 318 2450 cialis
337 2407 463 2464 senator,
483 2408 663 2467 provincialis
681 2409 777 2472 iudex,
797 2409 855 2459 alia
873 2408 1015 2471 dicuntur,
1035 2409 1155 2458 edictum
1172 2410 1202 2458 in

235 2482 397 2532 quacunque
416 2472 560 2534 provincia
578 2477 746 2540 propositum
765 2475 916 2542 significat.
946 2476 984 2525 Et
1002 2477 1108 2526 serione
1128 2477 1201 2540 quis·

236 2550 317 2598 quam
336 2537 475 2598 statuerit,
494 2542 559 2590 tune
571 2542 664 2592 Ictum
685 2544 803 2608 aliquem
822 2545 851 2592 in
870 2545 988 2593 animum
1001 2543 1152 2606 induxisse,
1170 2549 1202 2594 ut

234 2603 316 2651 unius
334 2603 407 2652 inter
425 2607 467 2652 tot
484 2609 640 2668 provincias
659 2611 778 2662 edictum
800 2612 916 2677 triginta
933 2611 1010 2662 libris
1030 2611 1201 2678 explicaret?

234 2669 387 2749 Itaqueex
405 2670 458 2720 hae
476 2671 538 2736 ipsa
551 2677 737 2741 appellatione
756 2683 831 2729 recte
850 2679 1003 2745 colligitur,
1024 2680 1095 2745 quod
1115 2685 1143 2730 et
1160 2685 1202 2730 to-

235 2741 293 2786 trns
310 2734 385 2785 rllrus
408 2739 541 2802 temporis
564 2744 635 2792 ratio
657 2745 728 2796 iacit
749 2752 780 2796 ut
805 2746 979 2811 credamus,⁵
997 2749 1201 2813 provinciarum

237 2803 408 2854 diversarum
427 2805 528 2868 edicta,
548 2808 572 2856 si
590 2823 655 2872 reru,
672 2827 727 2861 non
740 2813 854 2866 formam
868 2820 988 2882 spectas,
1001 2822 1067 2866 tunc
1080 2817 1108 2865 in
1120 2831 1203 2866 unum

238 2871 359 2921 conflata
376 2887 447 2936 esse,
468 2874 539 2938 quod
559 2875 593 2924 ab
613 2880 739 2930 omuibus
756 2883 967 2945 proconsulibus
986 2885 1086 2949 partim
1104 2899 1154 2948 per
1171 2899 1201 2933 se

236 2939 347 3004 partim,
364 2945 396 2988 nt
413 2940 441 2989 in
461 2940 591 2992 Caesaris
609 2947 768 3011 provinciis,
786 2964 836 3014 per
854 2949 962 3014 legatos
980 2949 1202 3015 proponeretur,⁶

237 3008 415 3070 quamobrem
433 3005 533 3058 Gaium
551 3010 579 3059 in
597 3009 641 3060 his
659 3011 737 3063 libris
755 3015 858 3080 ubique
880 3019 1071 3082 proconsulem
1093 3022 1202 3068 tantum

236 3178 365 3241 spectabat.
413 3175 435 3240 δ)
459 3179 494 3228 Cl.
514 3178 541 3230 Ε.
559 3179 670 3229 Huschke
689 3183 778 3231 Census
799 3199 819 3234 a.
837 3185 862 3234 Z.
887 3186 910 3234 d.
929 3187 988 3239 Geb.
1006 3188 1026 3236 J.
1047 3188 1102 3238 Chr.
1126 3203 1149 3251 p.
1168 3197 1202 3242 22.

236 3243 258 3307 ⁶)
282 3246 519 3295 Animadvertendum
544 3255 590 3304 est,
615 3249 676 3297 hanc
702 3249 811 3299 edicendi
832 3258 982 3315 potestatam,
1009 3271 1053 3319 qua
1075 3257 1112 3304 ins
1132 3257 1203 3305 civite

237 3313 387 3377 supplebatur
402 3314 434 3362 vel
449 3315 618 3376 corrigebatur,
626 3323 715 3365 tantum
729 3319 880 3378 magistratus
891 3324 971 3386 populi
981 3323 1080 3372 Romani
1091 3323 1202 3373 habuisse

238 3378 302 3444 (Gai.
311 3389 328 3438 1,
336 3379 375 3446 6);
387 3382 487 3444 proinde
500 3384 700 3433 etlamCaesarcrn
710 3387 876 3448 proconsulem
886 3390 910 3437 ln
920 3392 970 3438 suis
979 3391 1117 3453 provinciis,
1128 3405 1202 3453 neque

236 3463 292 3498 vero
304 3451 393 3510 legatos
407 3450 528 3508 Caesaris,
541 3451 626 3516 quibus
644 3453 778 3502 iurisdictio
791 3459 879 3503 tantum
893 3459 1011 3519 praetoria
1025 3458 1129 3518 delegata
1144 3466 1200 3508 erat.
1283 3515 1286 3519 ,
