2634 3974
520 189 595 226 rvnu
614 187 719 223 rtrum
739 187 817 224 saur.
836 174 877 225 itt.
898 173 924 222 6.

202 393 204 396 ,
237 330 367 394 efficitur,
390 331 466 387 uelut
481 299 635 405 speculum,
661 330 793 392 conchae,
815 327 903 390 situli,
925 330 990 384 item
1005 327 1132 390 buxides,
1156 345 1210 384 un·

198 433 205 450 ·’
238 424 339 491 guenta
364 423 391 471 et
417 432 494 478 uasa,
520 416 548 470 in
576 413 673 487 quibus
694 430 723 469 ea
745 421 823 477 suut;
850 413 914 470 item
935 413 1002 469 sella
1022 412 1155 469 balnearis
1180 420 1208 467 et

195 527 196 530 ¹
237 508 328 556 cetera
342 500 483 558 eiusmodi.
534 495 584 554 84.
610 490 826 554 ¹¹⁸0rnamentis
841 497 953 571 legatis,
976 515 1007 554 ea
1022 497 1135 560 cedunt,
1156 512 1210 570 per

237 601 306 658 quae
322 585 443 640 ornatior
458 581 575 640 efficitur
589 582 697 646 mulier,
719 581 805 638 ueluti
821 580 928 645 annuli,
950 590 1072 645 catenae,
1088 580 1207 644 reticuli,

102 651 105 702 Ῐ
128 665 139 680 ”
157 741 159 748 Ι
195 709 196 712 ¹
237 678 264 725 et
280 676 383 742 cetera,
403 667 500 741 quibus
517 667 588 725 collo
605 666 649 722 nel
664 668 752 740 capite
767 667 811 722 uel
827 665 949 722 manibus
964 666 1091 722 mulieres
1108 681 1208 721 ornan·

237 761 291 809 tur.
350 748 398 808 85.
427 746 568 826 9Argento
590 750 700 830 legato,
727 767 830 808 massae
855 750 1042 806 tantummodo
1069 747 1209 806 debebun-

150 847 152 854 ‘
238 827 356 892 turz¹²⁰'
372 852 435 892 nasa
456 837 540 900 enirn,
566 852 634 909 quae
654 835 766 909 proprio
788 835 897 892 nomine
912 843 1085 907 separantur,
1114 833 1208 908 legato

236 936 293 976 non
322 918 437 983 cedunt,
469 921 531 992 quia
560 935 611 976 uec
636 918 696 974 lana
722 919 811 992 legata
837 919 999 974 uestimenta
1024 916 1206 974 debebuntur.
1265 989 1266 994 η

236 998 286 1059 86.
312 997 405 1058 ¹Vasis
422 1005 559 1078 argenteis
575 1003 671 1076 legatis
687 1017 718 1058 ea
734 1003 823 1059 omnia
837 1003 1026 1066 continentur,
1045 1019 1114 1076 quae
1129 1019 1207 1076 capa-

237 1089 311 1144 citati
337 1087 416 1143 alicui
441 1095 533 1160 parata
555 1095 633 1150 sunt,
661 1094 689 1142 et
710 1087 772 1143 ideo
794 1095 848 1142 tam
868 1088 976 1160 potoria
996 1102 1076 1160 quam
1096 1088 1208 1150 escaria,

181 1225 183 1236 ,
235 1173 301 1228 item
323 1163 506 1228 ’ministerta2
528 1173 616 1227 omnia
631 1169 815 1234 debebantur,
842 1170 928 1227 ueluti
944 1171 1061 1235 urceoli,
1086 1180 1208 1244 paterae,
1262 1172 1266 1181 “

223 1255 335 1320 lances,
351 1257 531 1330 piperatoria;
549 1255 698 1313 cochlearia
710 1271 828 1328 quoque,
844 1256 964 1328 itemque
976 1253 1082 1319 trullae,
1098 1255 1207 1318 calices,

237 1341 331 1413 scyphi
352 1348 379 1395 ct
400 1341 441 1394 his
462 1339 567 1395 similia.
612 1334 658 1394 87.
683 1331 785 1396 ³Libris
806 1338 917 1413 legatis,
941 1340 1048 1395 chartae
1070 1339 1206 1395 uolumina

237 1424 282 1478 uel
303 1422 472 1478 membranae
493 1431 520 1478 et
541 1413 663 1495 philurac
683 1425 869 1487 continentum
900 1423 1006 1480 codices
1029 1439 1139 1498 quoque
1159 1422 1208 1479 dc·

238 1505 351 1562 bantur:
378 1505 509 1562 librorum
529 1507 600 1562 enim
621 1507 799 1579 appellatione
820 1523 876 1564 non
890 1507 1028 1577 uolumina
1043 1508 1205 1572 chartarum,
1262 1496 1271 1572 Ϊ,

237 1588 285 1644 sed
302 1591 450 1662 scripturae
466 1587 576 1651 modus,
603 1591 649 1664 qui
664 1599 741 1646 certo
756 1589 810 1648 fine
825 1591 1010 1656 concluditur,
1037 1593 1201 1648 aestimatur.

237 1670 286 1728 88.
310 1666 404 1729 ⁴Auro
419 1673 525 1747 legato,
548 1690 668 1748 gemmae
684 1691 794 1750 quoque
808 1676 943 1740 inclusae,
965 1670 1086 1749 itemque
1099 1691 1205 1750 marga·

237 1758 304 1812 ritae
320 1764 348 1813 et
363 1757 497 1832 smaragdi
512 1757 604 1832 legato
619 1758 728 1815 cedunt.
757 1760 805 1817 sed
817 1761 902 1835 magis
915 1771 965 1823 cst,
981 1759 1129 1816 uoluntatis
1144 1775 1207 1816 esse
1280 1827 1281 1830 Ἴ

238 1842 438 1915 quaestionem:
464 1842 594 1899 iniectum
610 1844 681 1898 enim
702 1860 796 1900 aurum
817 1844 944 1908 debetur;
971 1839 1104 1901 ’iactum5
1125 1861 1206 1900 orna·

237 1936 391 1984 mentorum
412 1943 513 2002 genere
534 1929 700 1984 continetur.
760 1926 810 1985 89.
835 1923 929 1984 6Vasis
945 1931 1081 2004 argenteis
1097 1928 1203 2003 legatis,

238 2009 395 2068 emblemata
417 2028 526 2086 quoque
548 2027 581 2067 en
602 2027 668 2067 auro
690 2011 771 2070 infixa
785 2013 876 2088 legato
892 2013 1000 2070 cedunt.
1059 2009 1113 2072 80.
1137 2007 1205 2068 ‘'Ar-

51 2169 59 2178 .
118 2159 120 2166 Α
141 2135 143 2138 -
237 2104 321 2168 gento
336 2097 446 2169 potorio
462 2097 563 2171 legato,
581 2097 677 2161 omnia,
695 2115 763 2172 quae
779 2098 811 2154 ad
826 2098 987 2172 poculorum
1002 2099 1121 2174 speciem
1132 2115 1206 2155 com·

236 2188 328 2252 parata
343 2189 421 2244 sunt,
443 2175 634 2245 debebantur,
652 2181 738 2238 ueluti
752 2190 875 2257 paterae,
897 2183 1007 2246 calices,
1029 2184 1137 2257 scyphi,
1160 2195 1222 2238 ur··

237 2262 320 2328 cccli,
349 2266 516 2340 oenophoria
538 2275 566 2321 et
587 2267 715 2322 conchae.
775 2263 819 2326 81.
844 2264 978 2323 ⁸Carruca
999 2284 1059 2323 cnm
1081 2269 1205 2324 iunctura

236 2347 339 2421 legata,
366 2349 453 2404 mulae
480 2364 588 2423 quoque¹
615 2350 734 2424 legatae,
761 2369 817 2407 non
837 2351 1064 2416 mutioniderur,
1091 2361 1207 2426 propter

237 2431 420 2502 quotidianam
435 2431 565 2505 loquendi
580 2434 813 2492 consuetudinem.

366 2510 412 2588 [L.
431 2514 480 2572 28.
505 2517 540 2570 D.
559 2521 650 2588 quiet
666 2536 683 2573 o
701 2521 777 2590 quib.
795 2537 918 2576 mancam.
937 2519 997 2592 (40,
1014 2518 1053 2591 9).

364 2598 395 2652 L.
414 2597 464 2653 29.
488 2599 524 2654 D.
542 2602 577 2656 cle
593 2603 676 2656 adim.
696 2621 719 2656 r.
737 2604 879 2677 transfer.
895 2607 950 2678 leq.
968 2601 1029 2676 (34,
1046 2598 1103 2678 4).)

234 2775 477 2843 1999991999.
498 2777 598 2843 (91.1).
669 2779 711 2846 118)
737 2782 1053 2848 0991931999.
1122 2781 1143 2845 ⁹)
1164 2782 1204 2844 ί).

235 2843 269 2894 L.
283 2851 307 2892 19
318 2859 361 2908 pr.
382 2843 431 2909 33.
445 2854 465 2895 1.
478 2854 512 2900 99.
529 2847 564 2895 D.
583 2849 639 2898 eod.
659 2850 691 2900 L.
705 2858 738 2903 79.
758 2849 787 2914 3,
801 2859 821 2900 9.
840 2851 873 2906 D,
893 2853 924 2901 de
943 2855 990 2915 leg.
1009 2859 1029 2900 3.
1082 2847 1126 2911 ¹²⁰)
1145 2842 1205 2898 Nisi

236 2913 287 2959 alio
305 2915 420 2962 voluntas
441 2915 476 2963 ,rit
499 2918 631 2966 testatoris
650 2915 688 2980 (3.
708 2916 767 2978 sa),
787 2935 859 2983 quam
879 2921 997 2985 plerique
1020 2917 1078 2979 fere
1100 2931 1204 2980 semper

234 2978 409 3040 accipiendam
424 2988 587 3045 putaverunt,
606 2984 676 3033 cuiue
693 2987 835 3035 sententiae
852 2988 908 3049 ipse
926 2987 1029 3037 Paullus
1047 2985 1080 3037 L.
1093 2991 1126 3032 ⁷8.
1140 2981 1167 3047 3.
1181 2993 1204 3033 t.

234 3044 267 3093 D.
288 3047 345 3096 eod.
363 3049 487 3098 rationem
504 3051 600 3100 reddit.
660 3049 680 3112 ¹)
700 3050 741 3113 Of.
759 3051 792 3104 L,
813 3061 845 3104 19.
864 3051 890 3118 3.
910 3063 943 3105 19.
961 3052 995 3106 D.
1014 3054 1045 3101 de
1063 3066 1128 3101 auro
1147 3067 1202 3116 arg.

234 3106 279 3174 (91,
292 3111 324 3172 2).
394 3112 416 3175 ²)
435 3116 451 3166 i.
465 3132 488 3166 e.
509 3117 597 3181 quibam
615 3119 641 3167 iu
659 3119 779 3168 conuiciis
797 3121 963 3173 ministratur.
1032 3115 1054 3182 8)
1074 3119 1114 3182 Of.
1133 3119 1166 3170 L.
1179 3127 1206 3168 99

188 3207 189 3210 =
234 3193 278 3242 pr.
296 3181 330 3229 D.
350 3183 381 3232 de
400 3185 448 3248 leg.
466 3192 486 3233 9.
556 3181 578 3245 ⁴)
599 3183 639 3247 Cf.
658 3185 692 3234 L.
711 3193 743 3237 19.
762 3183 809 3250 33.
824 3195 848 3236 19
865 3203 918 3252 seq.
939 3188 971 3239 L.
983 3195 1017 3236 29.
1036 3187 1070 3236 D.
1089 3188 1121 3236 dc
1140 3201 1205 3236 auro

235 3262 290 3311 arg.
312 3249 354 3313 (91,
374 3248 406 3314 2).
426 3252 493 3301 Plin.
507 3251 540 3303 N.
554 3251 591 3302 H.
605 3259 637 3304 99.
654 3253 742 3316 praes.
761 3269 841 3317 snpra
860 3253 887 3317 3.
901 3263 933 3304 85.
992 3252 1014 3318 5)
1035 3256 1122 3304 iactum
1141 3255 1204 3303 enim

236 3315 302 3364 Cdd.
322 3318 396 3372 eada
413 3319 461 3366 red
478 3319 541 3366 enim
559 3334 595 3367 erc
613 3321 713 3370 iactum
729 3324 887 3384 geminatum.
951 3319 973 3385 8)
994 3321 1033 3384 Cf.
1046 3321 1080 3374 L.
1095 3330 1126 3374 19.
1141 3319 1168 3384 3.
1182 3331 1203 3370 tr.

181 3444 185 3450 .
233 3379 267 3431 D.
287 3385 344 3434 eod.
414 3383 435 3447 7)
457 3384 496 3447 Of.
516 3385 549 3433 L.
561 3394 584 3433 91
601 3403 645 3449 pr.
669 3388 702 3437 L.
715 3395 749 3439 99.
767 3389 801 3437 D.
815 3391 871 3438 eod.
896 3388 1011 3438 Iuvenul.
1025 3398 1103 3448 9129.
1129 3388 1205 3438 Mar·

238 3451 293 3501 tint.
311 3459 331 3508 1,
350 3459 383 3499 eo.
454 3449 475 3514 8)
496 3451 535 3514 Of.
553 3453 586 3505 L.
600 3461 631 3502 ro.
658 3455 691 3506 L.
712 3462 743 3502 19.
762 3453 790 3517 s.
808 3463 829 3508 s.
847 3456 880 3504 D.
900 3456 957 3508 eod.
985 3456 1018 3508 L.
1031 3463 1065 3504 as.
1085 3455 1112 3519 3.
1132 3464 1151 3506 e.
1169 3454 1204 3507 D.
