2634 3966
176 193 179 199 -
209 160 258 210 tet
503 169 564 207 unu
584 169 687 208 ruerus.
706 155 735 204 ii.
756 155 881 206 ets-tot.

208 316 235 372 id
256 313 335 372 nobis
356 312 526 388 adquiratur.
578 308 625 370 tn.
655 309 694 366 Ex
715 311 755 366 his
783 318 908 384 apparet,
930 326 980 384 per
1000 309 1100 367 liberos
1128 312 1176 368 ho·

208 401 308 460 mines,
336 414 405 472 quos
432 413 520 470 neque
547 398 599 452 iuri
626 403 722 452 nostro
749 394 886 451 subiectos
915 390 1057 458 habemus,
1088 413 1176 470 neque

20 477 47 560 23'5'
137 555 138 558 Ἴ
199 483 279 541 -boua
295 482 347 538 fide
359 482 538 556 possidemus,
554 482 619 537 item
635 497 684 554 per
699 480 803 536 alienos
815 496 921 541 seruos,
934 481 962 535 in
976 479 1075 553 quihus
1087 491 1176 556 neque

20 557 27 590 ²
113 557 118 570 ’
207 569 406 626 usumfructum
427 565 554 622 habemus
576 581 664 640 neque
685 566 794 621 iustam
803 566 1020 638 possessionem,
1050 565 1125 622 nulia
1145 557 1177 622 er

208 670 289 712 causa
309 650 387 709 nobis
408 652 512 725 adquiri
533 668 625 725 posse.
657 658 685 707 et
706 651 761 706 doc
777 657 832 719 est,
850 652 927 724 quod
940 652 1051 712 dicitur,
1068 667 1118 724 per
1133 667 1177 707 ex·
1233 659 1235 664 '

208 746 327 794 truncam
343 753 487 810 personam
502 735 568 791 nihii
584 735 689 809 adquiri
699 750 803 808 posse,
823 733 970 807 'exeeptto
986 751 1032 805 eo,
1051 739 1130 809 quod
1142 739 1177 793 de

64 887 67 890 ,
207 813 423 896 possessione⁶⁸
439 822 578 894 quaeritur
589 835 658 876 anne
671 819 736 891 'per
750 821 872 876 liberam
884 813 1063 891 personam⁹
1078 827 1082 882 Ι
1097 820 1176 878 nohis

18 955 43 990 ,A
158 917 198 970 tt.
210 905 375 981 adquiratur.
421 902 471 962 96.
495 904 524 960 In
540 920 643 960 summa
658 904 796 984 sciendum
813 912 868 967 est,
886 905 943 968 dis,
967 909 1018 977 pur·
1029 910 1059 962 r'u
1077 900 1081 981 i
1098 915 1199 980 pote·-

18 991 34 1042 ;.‡?-
208 1000 290 1052 state,
313 1007 394 1046 mauu
414 991 582 1064 mancipioue
604 997 682 1052 sunt,
705 989 771 1044 nihil
792 990 820 1044 in
843 991 900 1044 iure
923 989 980 1045 cedi
996 1005 1091 1063 posse:
1115 1007 1176 1046 cum

208 1077 279 1132 enim
299 1078 411 1131 istarum
433 1091 610 1149 personarum
632 1074 698 1130 nihil
720 1089 798 1129 suum
816 1089 881 1134 ‚esse
896 1075 991 1147 possit,
1008 1076 1177 1132 conueniens
1298 1045 1302 1168 1

208 1170 250 1217 est
274 1160 392 1223 seilicet,
414 1169 444 1216 ut
465 1159 531 1216 nihil
554 1176 634 1215 suum
655 1173 718 1215 esse
740 1151 939 1240 ’persewin
960 1160 1018 1214 iure
1038 1159 1177 1234 uindicare
1301 1173 1302 1182 ¹

207 1239 346 1320 possint.¹
841 1272 843 1275 ·

270 1325 317 1395 97.
343 1327 518 1401 (Hactenus)
535 1330 668 1402 tantisper
683 1327 855 1384 admonuisse
870 1325 985 1391 sutiieit,
1002 1327 1177 1401 quemadmo-
1299 1325 1302 1436 p

207 1413 271 1470 dum
287 1414 410 1488 singulae
426 1429 469 1470 res
485 1412 563 1468 nobis
579 1413 769 1486 adquirentur:
790 1428 851 1467 nam
873 1412 1026 1486 legatorum
1041 1414 1098 1474 ius,
1121 1431 1175 1486 quo

207 1499 314 1571 etipse
336 1498 460 1572 singulas
480 1514 523 1553 res
546 1498 726 1571 adquirimus,
748 1498 931 1571 opportunius
953 1497 1006 1553 alio
1028 1497 1090 1553 ioco
1106 1497 1176 1554 reie-

207 1598 308 1638 remus.
332 1581 470 1637 uideamus
486 1583 577 1654 itaque
592 1599 672 1645 nune,
690 1581 787 1654 quibus
804 1581 891 1637 modis
906 1598 956 1656 per
969 1583 1175 1638 uniuersitatem

207 1682 251 1721 res
267 1664 345 1722 nobis
361 1665 546 1740 adquiruntur.
591 1662 642 1723 98.
667 1665 694 1721 Si
710 1667 754 1722 eui
769 1666 883 1723 heredes
899 1667 963 1722 iacti
983 1683 1092 1729 sumus,
1117 1669 1176 1723 siue

208 1751 285 1806 cuius
300 1749 433 1807 honorum
451 1753 653 1824 possessionem
667 1752 836 1824 petierimus,
853 1753 911 1807 siue
927 1753 1003 1808 cuius
1019 1750 1090 1808 bona
1105 1769 1176 1808 eme·
1301 1825 1302 1828 Ἴ

207 1835 306 1898 rimus,
333 1837 392 1892 siue
421 1852 501 1908 quern
528 1835 764 1910 adrogauerimus,
793 1837 851 1891 siue
876 1829 992 1910 ’quom²
1013 1837 1041 1892 in
1068 1853 1176 1897 manum
1300 1845 1302 1872 ⁸

208 1927 238 1975 ut
260 1937 371 1976 uxorem
386 1921 581 1994 receperimus,
604 1921 661 1976 eius
681 1937 725 1975 res
747 1919 779 1976 ad
801 1937 851 1976 nos
868 1927 1017 1987 transeunt.
1063 1916 1113 1979 99.
1138 1923 1176 1980 dc

206 2005 282 2080 prius
304 2005 337 2061 de
361 2004 554 2062 hereditatibus
576 2005 762 2079 dispiciamus,
791 2021 902 2078 quarum
929 2006 1029 2080 duplex
1051 2007 1174 2064 condicio

207 2096 262 2146 est:
278 2107 339 2146 nam
355 2091 400 2147 uel
415 2108 447 2146 er
464 2097 635 2153 testamento,
653 2089 697 2146 uel
713 2089 745 2146 ah
761 2091 891 2146 intestato
907 2089 940 2145 ad
955 2108 1005 2147 nos
1020 2094 1170 2166 pertinent.

206 2169 274 2231 1⁰0.
299 2173 331 2230 Et
347 2177 422 2249 prius
439 2183 488 2238 est,
505 2184 536 2231 ut
551 2176 584 2232 de
600 2176 641 2231 his
657 2175 842 2249 dispiciamus,
864 2191 932 2248 quae
948 2175 1026 2231 nobis
1043 2193 1074 2232 er
1092 2184 1174 2232 testa·

207 2267 299 2316 mento
316 2259 475 2316 obueniunt.

271 2342 337 2400 101.
362 2345 596 2400 'destamentorum
623 2353 712 2401 autem
738 2360 839 2418 genera
864 2345 941 2401 initio
967 2344 1031 2400 duo·
1045 2343 1189 2399 iuerurrtz‘

206 2441 268 2481 nam
284 2435 329 2482 aut
345 2427 436 2484 calatis
452 2430 567 2485 comitiis
585 2428 725 2491 iaciebant,
743 2444 811 2502 quae
826 2431 934 2485 comitia
949 2429 988 2484 bis
1004 2429 1031 2483 in
1046 2444 1115 2507 anno
1131 2435 1172 2484 te·

205 2640 349 2692 Instduec
361 2646 512 2693 omitterent.
534 2643 611 2693 Uncie
623 2649 650 2692 ut
660 2645 784 2707 pioeeemu
796 2645 896 2694 inclusit
907 2645 957 2708 Bp.
972 2647 1012 2696 ed.
1020 2655 1039 2697 5.
1075 2643 1107 2708 6Β)
1121 2645 1171 2702 Re-

205 2711 278 2759 stitui
289 2713 346 2760 coll.
360 2709 388 2774 S.
401 2719 421 2760 t.
436 2709 459 2762 I.
474 2712 517 2759 eit.
538 2711 644 2764 Goeeelt.
656 2711 768 2762 nolebat:
781 2715 904 2775 ‘excepto
914 2714 1083 2774 possessione,
1097 2715 1129 2763 de
1141 2729 1173 2762 eu

206 2780 294 2828 enim’.
334 2776 356 2838 ⁹)
370 2778 512 2829 Secundum
525 2779 630 2829 Goeselt.
642 2779 751 2830 restitui.
793 2777 825 2843 ⁷⁰)
840 2780 965 2843 Nomper
978 2782 1171 2845 ellespontum,

205 2848 370 2896 oeiutseruue
382 2849 408 2896 iu
421 2846 522 2896 liberati
537 2861 627 2906 eausa,
642 2847 772 2911 filiusfam.
791 2863 844 2897 cum
859 2849 900 2897 eui
915 2849 979 2909 iupis
995 2863 1052 2898 esse
1069 2849 1171 2898 dieitur.

205 2912 300 2978 Itaque
313 2916 363 2964 aiio
376 2930 450 2964 seusu
464 2914 551 2964 Celsus
559 2916 698 2978 filiunrfom.
712 2931 761 2980 per
772 2931 800 2966 ee
812 2930 906 2966 nouare
918 2929 995 2978 posse
1008 2922 1084 2980 nepot
1095 2917 1128 2966 L.
1139 2925 1171 2966 25.

205 2982 238 3032 D.
253 2982 380 3034 deuocat.
395 2981 484 3047 (46,2>.
509 2983 548 3045 Cf.
562 2984 636 3033 Paul.
649 2993 673 3044 5,
687 2992 706 3032 8.
738 2983 1024 3046 Hoeseueufitiuefam.
1040 2987 1172 3034 tantumn

205 3049 260 3098 iure
272 3050 365 3098 cedere
378 3053 417 3100 uel
428 3052 539 3100 uindicta
550 3053 723 3101 manumittere
739 3066 790 3115 per
806 3066 834 3100 ee
849 3065 928 3116 posse
941 3058 1013 3100 recte
1025 3057 1171 3116 necaretur.

205 3116 237 3164 L.
252 3125 285 3168 to.
299 3125 331 3169 18.
345 3116 371 3181 S.
386 3128 405 3170 2.
419 3119 452 3167 Ι).
465 3119 613 3168 demonum.
627 3121 693 3169 vind.
709 3118 753 3183 (to,
767 3117 799 3181 2).
849 3117 869 3182 ¹)
886 3117 1008 3184 Sequitur
1024 3120 1049 3168 in
1064 3119 1090 3169 C.
1105 3121 1172 3170 linea

204 3199 294 3234 uacua.
330 3182 350 3248 ²)
364 3201 433 3251 quern
447 3185 474 3236 O.
488 3188 528 3237 ed.
542 3187 593 3252 Bp.

201 3385 231 3521 ξ.
245 3391 287 3440 95.
299 3408 334 3434 =
346 3389 374 3456 s.
387 3401 408 3441 ⁵.
421 3390 446 3442 I.
459 3393 502 3442 cit.
528 3391 567 3453 Of.
582 3391 655 3442 Paret.
668 3400 688 3452 s,
702 3399 723 3440 n.
737 3388 763 3454 s.
777 3398 797 3438 2.
867 3385 894 3456 §-
907 3390 948 3440 96,
970 3389 1053 3455 ons.
1068 3399 1101 3439 st.

223 3452 249 3524 ς.
263 3459 388 3510 er-roo.
407 3477 441 3502 =
458 3456 484 3522 s.
498 3469 517 3513 a.
531 3459 555 3509 1.
571 3460 608 3508 ru.
622 3460 665 3509 eu.
747 3451 791 3524 οξ.
808 3457 948 3508 ror-roo.
970 3457 1010 3520 cf.
1024 3457 1052 3522 s.
1066 3467 1086 3507 ι.
1100 3456 1124 3508 1.
1138 3458 1170 3507 ue
