2614 3960
432 192 535 230 naseu.
555 195 612 230 1va.
631 196 696 231 nou.
715 170 808 233 varro.
1055 194 1103 241 611

138 327 234 378 branis
257 343 323 378 usus
347 335 402 393 est,
430 347 483 382 nec
507 332 595 382 adbuc
620 335 738 397 exstitit,
762 336 810 398 qui
833 338 970 388 rationem
993 341 1053 391 eius
1077 347 1104 392 et

141 395 265 446 ordinem
286 397 319 446 ab
340 413 372 447 eo
391 398 546 449 institutum
571 401 748 465 improbaret.
785 403 855 454 Nam
878 409 906 454 et
924 407 1033 458 titulum
1054 410 1103 460 tde
1145 443 1146 446 =
1217 427 1219 434 ⁴

139 463 329 527 cognitoribus
357 471 384 515 et
411 469 650 530 procuratoribus’
680 470 752 532 quod
782 470 878 522 ultimo
909 473 971 524 loco
1000 479 1102 539 posuit,

140 533 207 594 quia
225 529 298 581 nullo
316 535 424 584 numeri
442 536 520 599 signo
540 539 614 586 certo
633 535 694 586 loeo
713 538 884 604 assignatur,
904 556 959 591 non
981 547 1103 594 estsine

137 597 257 660 ratione,
277 613 436 663 quanquam
454 618 515 654 eum
535 607 643 654 ceteros
663 619 755 656 omnes
778 609 966 671 praecessisse
991 627 1024 662 ex
1041 613 1103 676 ipsa

138 665 259 715 materia
283 667 416 732 colligere
438 669 516 719 licet.
551 671 709 722 Verisimile
733 675 805 723 enim
830 679 883 735 est,
907 675 960 726 hoc
983 694 1050 744 opus
1072 685 1103 728 ut

139 738 248 796 ceteros
274 749 368 784 omnes
394 738 555 802 posterioris
583 741 646 790 aevi
674 740 783 791 codices
807 741 842 792 ad
868 743 991 794 ordinem
1019 746 1103 796 edicti

137 802 267 866 perpetui
285 803 463 866 compositum
482 821 556 856 esse:
576 809 760 871 quem-etiam
779 810 957 873 aliquatenus
976 815 1101 877 assequi-

136 883 206 932 mur,
225 870 250 918 si
266 870 402 932 ponimus,
420 877 483 938 post
501 874 611 923 titulum
629 875 663 924 dc
683 877 870 940 cognitoribus
896 884 925 928 et
942 886 1101 943 procurato·
1189 897 1190 902 ¹
1280 923 1284 934 .

136 938 214 987 ribus
232 941 357 986 secutum
376 938 485 988 titulum
504 957 537 990 ex
562 947 652 1006 empto
676 943 788 993 vendito
812 960 845 994 ea
867 950 947 1010 parte
970 948 1102 998 insertum

136 1005 240 1069 fuisse,
260 1005 307 1054 ubi
330 1006 358 1053 in
370 1005 456 1057 libris
476 1008 510 1057 ad
530 1009 649 1058 edictum
668 1011 701 1058 de
723 1013 763 1061 rei
787 1012 976 1064 vindicatione
995 1016 1100 1080 agitur,

139 1072 209 1138 quod
228 1087 295 1122 sane
314 1073 467 1138 paullulum
480 1075 602 1126 deflectit
615 1077 651 1126 ab
665 1077 760 1128 ordine
775 1079 867 1140 edicti,
886 1085 998 1146 poterat
1009 1089 1101 1132 tamen

132 1157 200 1202 curn
220 1139 397 1203 andelandi,
417 1141 489 1206 qnod
507 1146 554 1207 qui
571 1144 710 1203 vindicet,
728 1146 865 1196 dominum
885 1163 945 1197 csse
965 1156 1102 1213 oporteat,
1128 1157 1129 1160 ’

138 1209 314 1271 dominioque
333 1211 450 1260 maxime
471 1211 656 1276 emptionibus
675 1214 862 1277 acquirantur,
882 1218 938 1264 tum
951 1216 1101 1280 Hermoge-

137 1277 216 1326 niani
233 1277 356 1340 ratione,
376 1277 473 1341 qui‘in
496 1279 624 1343 epitomis
647 1280 716 1329 iuris
737 1281 840 1344 ‘primo
865 1280 898 1330 de
921 1297 1101 1346 personarum

138 1349 215 1394 statu
234 1359 267 1394 ac
285 1349 347 1409 post
364 1345 398 1395 de
417 1347 519 1396 ceteris
537 1345 659 1396 ordinem
678 1347 763 1396 edicti
781 1353 894 1398 secutus
913 1354 941 1398 et
958 1349 1009 1398 his
1027 1367 1101 1416 pro·

138 1413 245 1462 ximos
269 1417 372 1476 atque
398 1414 600 1463 coniunctos
619 1413 764 1479 applicans
787 1415 897 1478 titulos,
917 1421 947 1465 nt
965 1433 1010 1467 res
1027 1419 1100 1484 pati-

137 1479 438 1545 tur’‚'dixerat(11.2.
458 1482 492 1530 D.
512 1481 545 1532 de
563 1486 638 1531 statu
656 1483 727 1531 hom.
749 1479 791 1548 [1‚
811 1479 879 1550 δυ’.
916 1484 1006 1545 Quid?
1030 1487 1101 1550 quod

137 1547 317 1612 persimiliter
334 1550 389 1599 iam
408 1550 437 1598 in
455 1549 626 1614 Gregoriano
646 1549 762 1613 Codice,
783 1555 855 1602 teste
879 1551 1017 1602 breviario
1034 1552 1100 1601 Ala-

137 1616 198 1677 rici,
218 1616 262 1666 cui
280 1615 360 1666 fidem
380 1633 441 1668 cum
458 1616 597 1667 Haenelio
616 1617 661 1678 (ad
680 1617 725 1668 Gr.
746 1617 774 1668 0.
794 1635 821 1684 p.
840 1621 881 1670 23.
900 1623 956 1671 not.
976 1619 1005 1683 n)
1023 1621 1101 1670 dero·

138 1699 205 1750 gare
223 1683 316 1746 nolim,
335 1685 432 1734 titulus
450 1687 486 1734 ‘si
504 1685 553 1734 sub
573 1685 689 1735 alterius
702 1687 811 1737 nomine
829 1701 874 1736 res
893 1692 985 1753 empta
1004 1689 1099 1738 fuerit’

137 1753 219 1802 titulo
232 1752 277 1801 ‘de
290 1753 333 1801 rei
343 1754 543 1803 vindicatione'
553 1754 660 1802 uicinus
673 1753 895 1818 deprehenditur.
916 1755 977 1815 Qua
990 1758 1099 1805 ratione

138 1821 163 1870 si
182 1821 264 1869 etiam
282 1823 344 1868 tota
360 1821 479 1871 materia
497 1821 530 1870 de
544 1820 711 1884 acquirendo
729 1837 818 1872 rernm
837 1820 956 1870 dominio
970 1823 1022 1872 hoc
1040 1823 1101 1872 loco

137 1887 321 1948 tractabatur,
335 1888 430 1938 mirari
441 1903 496 1938 non
508 1889 585 1948 licet,
600 1887 671 1952 quod
684 1903 781 1939 novem
802 1891 996 1952 quaterniones
1015 1903 1102 1954 usqne

140 1953 174 2001 ad
187 1953 255 2014 XV„
273 1953 322 2002 ubi
339 1956 382 2004 tit.
402 1955 435 2005 de
448 1956 593 2006 usufructu
606 1957 737 2020 sequitur,
758 1971 791 2006 ea
805 1957 1020 2020 occupabantur.
1050 1957 1100 2004 Se·

139 2020 186 2084 qui
203 2020 302 2069 deinde
321 2023 350 2069 in
369 2020 453 2071 edicti
471 2023 550 2073 libris
569 2025 714 2072 materiam
733 2023 766 2072 de
785 2040 815 2073 re
834 2027 931 2072 uxoria
950 2028 977 2073 et
990 2028 1052 2087 post
1065 2024 1100 2072 de

138 2086 244 2150 tutelis,
263 2102 316 2150 quo
334 2093 444 2152 spectat
460 2092 503 2144 tit,
522 2090 555 2140 de
575 2092 770 2148 excusatione,
790 2096 817 2140 et
835 2096 987 2155 postremo,
1007 2106 1099 2155 quam-

139 2170 220 2220 quam
238 2155 323 2204 multo
342 2162 416 2220 post,
436 2157 468 2205 de
488 2156 713 2216 donationibus,³
730 2159 801 2207 satis
818 2163 911 2208 notum
931 2165 981 2207 est.

205 2224 238 2272 In
256 2223 340 2273 libros
359 2223 486 2288 syllogen
504 2225 680 2274 distributam
705 2225 805 2287 fuisse,
824 2224 929 2274 nullum
952 2227 1101 2290 vestigium

138 2291 241 2341 indicio
265 2295 319 2352 est,
343 2291 455 2342 videtur
482 2293 580 2357 igitur,
610 2297 639 2341 ut
663 2292 782 2343 Collatio
810 2298 839 2343 et
861 2293 1101 2357 Hermogenianus

139 2360 239 2422 codex,
256 2359 352 2409 titulos
371 2363 479 2409 tantum
497 2360 637 2424 habuisse,
657 2361 704 2424 qui
722 2361 807 2409 etiam
826 2376 875 2426 per
888 2363 1006 2425 paginas
1024 2377 1102 2426 repe-

138 2431 247 2488 tuntur,
267 2429 309 2476 ita
327 2431 358 2476 nt
379 2431 409 2476 in
426 2442 509 2479 versa
527 2442 634 2492 quaque
658 2425 751 2477 media
773 2429 849 2492 prior
872 2428 947 2478 tituli
970 2444 1049 2494 pars,
1073 2430 1102 2477 in

9 2503 12 2544 t
77 2549 81 2555 ¹
138 2498 217 2544 recta
234 2495 341 2558 reliqua
360 2509 477 2559 superne
497 2496 601 2560 scripta
620 2496 665 2556 sit,
685 2495 760 2545 nullo
778 2500 872 2548 tamen
890 2511 1002 2546 numero
1020 2511 1102 2561 prae·

139 2559 201 2610 fixo.
231 2563 290 2612 Nec
302 2577 475 2614 numerorum
488 2563 575 2628 signis
589 2563 638 2628 sed
657 2568 760 2613 tanturn
773 2579 845 2614 novo
858 2579 952 2626 versu,
965 2563 1102 2614 interdum

140 2630 225 2678 eti-am
246 2631 339 2694 spatio
364 2635 472 2681 tantum
498 2631 610 2690 relicto,
637 2630 762 2696 singulae
791 2634 928 2698 species
952 2631 1102 2680 distinctae

141 2701 216 2757 sunt;
236 2697 276 2746 sic
296 2697 368 2748 enim
388 2697 428 2764 (ut
445 2699 608 2765 Byzantinis
627 2694 757 2764 θέματα)
776 2701 887 2765 singula
912 2703 1044 2764 excerpta
1070 2713 1103 2747 ex

139 2763 215 2816 ICtis
234 2765 347 2829 perinde
366 2767 395 2815 in
413 2767 466 2817 hoc
485 2783 567 2832 opere
580 2772 664 2831 atque
676 2767 706 2817 in
719 2767 820 2820 Collat.
836 2769 867 2816 14
880 2767 927 2834 fin,
940 2771 967 2815 et
979 2767 1011 2814 L.
1024 2765 1101 2827 Rom.

138 2867 341 2878 ,ια-...-

138 2933 159 2996 ²)
179 2937 279 2985 Possunt
297 2951 354 2986 sane
378 2937 436 2986 baec
462 2939 531 2987 verba
556 2939 626 2988 etiam
648 2939 680 2986 ita
704 2938 816 2998 intelligi,
841 2943 866 2986 nt
888 2935 918 2986 ad
941 2937 1021 2984 titulos
1043 2937 1105 2985 iuris

111 3019 113 3022 ·
140 3005 318 3054 extraordinarii
337 3012 391 3068 post
409 3005 529 3056 absolutas
547 3020 629 3056 omnes
653 3007 764 3054 materias
788 3006 859 3054 edicti
881 3005 986 3068 perpetui
1010 3005 1035 3052 in
1057 3003 1105 3050 fine

142 3071 234 3120 additos
251 3073 391 3124 referantur.
429 3071 531 3124 Omnino
551 3081 627 3122 tamen
646 3074 752 3122 cadentis
764 3073 962 3136 iurisprudcntiae
975 3071 1045 3120 etiam
1058 3071 1104 3119 hoc

139 3137 254 3186 indicium
274 3147 321 3194 est,
340 3141 402 3203 qnod
420 3142 505 3190 tradita
525 3143 583 3190 iuris
602 3148 727 3202 systemata
746 3142 842 3189 misceri
863 3147 886 3188 et
902 3155 946 3202 pro
964 3139 1039 3187 lubitu
1052 3151 1103 3185 mu-

141 3203 184 3252 lari
204 3213 285 3267 coepta
305 3213 371 3256 sunt:
396 3222 528 3271 quanquam
546 3209 609 3258 idem
627 3209 757 3258 modestius
776 3217 798 3256 et
817 3222 870 3256 cnm
889 3209 980 3256 ratione
998 3207 1045 3253 iam
1064 3218 1103 3252 su·

140 3271 246 3334 periotes
264 3273 311 3321 lCti
332 3275 451 3323 lectitasse
474 3275 694 3339 deprehenduntnr,
718 3276 780 3324 velut
798 3275 891 3323 Paullus
917 3275 941 3321 in
966 3272 1103 3319 Sententiis

141 3340 176 3389 ct.
195 3337 334 3390 Heitnbacb.
353 3342 377 3390 in
396 3343 490 3405 Repert.
510 3344 575 3406 Lips.
589 3350 646 3390 1843.
666 3343 707 3392 lll.
726 3359 749 3404 p.
765 3349 809 3391 111.
880 3339 901 3401 ⁸)
920 3341 1030 3388 Fortasse
1048 3339 1104 3386 titu-

140 3407 187 3454 lum
206 3406 236 3454 de
253 3406 420 3458 donationibus
433 3410 559 3460 vaticanae
576 3411 680 3471 syllegae
698 3417 781 3457 auctor
798 3410 865 3457 titulo
885 3408 914 3456 de
927 3406 1010 3467 legatis
1028 3405 1104 3468 appli-

141 3479 229 3526 tuerat.

838 3530 903 3620 39⁴*
