2634 3960
189 189 239 238 562
374 201 436 236 uos.
455 201 489 234 ar
508 200 575 234 aaa.
594 199 689 234 acorna
708 198 824 236 contar.
843 185 880 234 IV.
901 187 925 238 4.
946 185 970 233 5.
1029 249 1031 253 Ι
1120 175 1122 180 ’

257 343 322 416 Kup
357 343 399 398 lv,
435 341 525 397 idem
550 340 676 396 Paulus
705 340 821 396 eodem
853 339 945 398 libro
981 341 1164 416 singulari

108 479 110 487 ,
192 417 1164 499 MmMaLQfflmmmwmfflmffimmmmm

192 501 1159 582 mmmmmmmffimmzfflmmfflmmmmn

192 588 1159 670 mmwfflmmmfflmmmmmmwmmmmmffi

191 683 262 736 intra
277 687 406 752 quattuor
420 695 526 734 menses
544 679 623 734 utiles
640 686 777 752 expertus,
794 677 856 733 licet
872 678 933 732 talis
949 680 993 739 sit,
1011 680 1057 751 qui
1074 673 1164 734 alius⁸

193 780 317 820 accusare
332 780 387 818 non
403 763 499 836 possit,
517 769 546 817 ut
561 757 733 824 libertinus,9
754 770 800 818 aut
815 764 904 818 minor
918 764 1018 836 uiginti
1037 765 1164 836 quinque

193 840 374 908 annorum‚3⁰
395 854 441 902 aut
461 846 582 908 infamis,
605 856 693 905 tamen
715 847 747 902 ad
763 848 960 902 accusationem
978 841 1159 910 admittitur.¹

193 941 224 986 ut
239 940 267 986 et
280 930 442 1004 Papinianus
457 929 526 986 libro
548 947 598 988 xv.
617 931 826 1004 'responsorum
842 929 892 985 sub
914 929 994 986 titulo
1016 931 1048 987 ad
1069 931 1162 1004 legem

124 1021 125 1024 ’
192 1008 646 1088 mmmmfflfflfflwmm

258 1095 337 1176 [Καρ.
354 1095 402 1177 V.]
430 1098 518 1156 ‘Ciuis
533 1099 678 1162 Romanus,
695 1101 740 1172 qui
756 1100 815 1155 sinc
831 1098 954 1156 conubio,
971 1099 1073 1155 ’aiuem
1089 1091 1160 1154 uati

193 1187 364 1259 peregrinam
388 1188 416 1240 in
439 1185 609 1240 matrimonio
631 1184 738 1246 habuit,
769 1185 828 1239 iure
847 1183 959 1256 ‚quidam
987 1185 1074 1238 mariti
1101 1199 1162 1239 eam

194 1271 342 1325 adulteram
357 1287 412 1327 nou
428 1261 584 1343 postulaui
600 1269 648 1324 sod
665 1262 710 1324 ci⁵
731 1285 784 1323 nun
802 1276 956 1342 opponetur
978 1267 1098 1331 infamia,
1115 1269 1163 1324 uei

224 1389 261 1393 μ..-
268 1387 313 1394 ...ι-
319 1387 395 1394 μ..

195 1453 369 1503 adscribitur*
462 1449 494 1512 25)
514 1449 548 1499 B.
562 1417 607 1499 Iria
624 1451 720 1513 repetit
738 1451 791 1510 qui,
811 1453 877 1500 unde
895 1451 1016 1500 Pithoeus
1033 1451 1073 1505 ia.
1092 1453 1166 1515 qaod

195 1535 279 1569 omnes
299 1520 360 1568 oda.
381 1517 411 1566 ab
430 1519 502 1567 initio
520 1517 624 1573 habent,
645 1519 734 1566 omisit.
804 1517 826 1577 6)
845 1518 917 1567 Idem
933 1525 1010 1582 pater
1029 1520 1067 1566 oei
1083 1520 1162 1566 mari·

194 1594 242 1634 tus.
312 1583 333 1644 ⁷)
351 1585 458 1633 Priores
477 1585 590 1635 editores
608 1585 648 1633 Iric
663 1586 798 1648 periodum
815 1601 952 1650 perperam
967 1587 1096 1646 finierant,
1116 1585 1162 1636 Bt.

195 1656 270 1702 etiam
293 1650 324 1714 '§.
344 1661 378 1713 1.‚
403 1654 471 1716 quod
494 1653 592 1714 effecit,
617 1659 645 1700 ni
668 1659 721 1701 tota
738 1654 871 1701 ‘sententia
893 1669 943 1702 non
966 1655 1160 1716 inteiliperetur.

196 1720 379 1770 Accusatorem
401 1727 490 1768 tantum
513 1727 567 1782 post
595 1721 653 1769 duos
677 1735 770 1768 menses
799 1721 938 1770 calumniae
966 1735 1044 1769 caasa
1065 1721 1163 1782 puniri,

193 1787 411 1845 Imoniiiiiieeae,
431 1803 501 1837 nemo
520 1803 570 1836 non
588 1789 664 1838 uidet.
701 1787 756 1836 Seri
771 1787 876 1836 Paullus
893 1789 940 1838 Iioc
959 1788 1027 1844 dicit,
1046 1781 1163 1843 maritam

194 1859 234 1906 aei
249 1862 351 1920 patrem
369 1857 469 1904 exactis
489 1855 584 1904 dnobus
601 1855 738 1912 mensibus,
759 1853 859 1918 quibas,
879 1857 992 1905 exciaeie
1010 1857 1080 1910 aliia,
1096 1871 1163 1918 pra·

194 1918 254 1987 prio
271 1928 326 1972 iure
344 1930 472 1979 accusant,
490 1924 560 1971 intra
578 1924 642 1971 aiios
655 1927 775 1986 quattuor
792 1938 889 1972 menaea
906 1925 962 1972 iare
980 1925 1101 1971 extranei
1117 1938 1160 1971 ac·

195 2006 286 2042 cacare
307 2005 395 2054 porse.
432 1989 484 2052 (Of.
509 1990 541 2039 L.
562 1999 594 2038 11.
618 1987 645 2052 S.
663 1999 683 2038 o.
706 1989 739 2038 D.
758 1990 781 2038 a.
800 1996 820 2039 t.
839 1989 899 2052 etc.)
940 1989 1079 2053 Proprium
1100 2005 1161 2039 aera

196 2074 283 2108 eornm
300 2061 338 2107 iar
356 2060 464 2108 maoeime
483 2059 597 2106 consistit
615 2063 641 2106 in
653 2060 791 2106 calumniae
804 2059 959 2121 impunitate,
979 2075 1053 2122 qaam
1068 2064 1164 2122 postea

195 2133 345 2176 accusantes
365 2129 495 2179 amittant:
514 2125 548 2185 cf.
566 2126 599 2173 L.
619 2133 651 2172 37.
672 2123 699 2188 §-
721 2134 738 2173 1.
757 2125 790 2173 D.
811 2127 843 2173 cie
860 2127 949 2177 minor.
971 2126 1006 2186 (4,
1025 2124 1057 2188 4).
1087 2126 1121 2174 L.
1140 2133 1162 2176 6.

195 2194 223 2242 0.
242 2195 265 2242 Ιι.
287 2201 304 2242 t.
325 2189 354 2254 (o,
374 2192 409 2254 u);
430 2195 497 2242 ande
515 2199 637 2255 apparet,
658 2208 722 2256 qaae
740 2194 772 2243 L.
787 2200 823 2240 it.
844 2191 871 2255 S.
889 2201 908 2241 3.
929 2200 953 2241 et
971 2193 1004 2242 L.
1024 2202 1048 2241 30
1063 2209 1106 2256 pr.
1126 2193 1161 2240 Ι).

194 2263 217 2313 Ιι.
238 2269 254 2311 t.
275 2265 404 2325 leporum,
423 2275 520 2308 monam
538 2259 691 2321 ,Tritoniani
707 2261 815 2309 nondum
833 2275 923 2322 passa,
943 2263 975 2310 de
998 2261 1163 2310 accuratione

195 2332 266 2378 intra
285 2335 403 2392 quattuor
420 2341 517 2376 menaea
535 2328 605 2375 dicta
620 2329 711 2390 faisse.
793 2325 813 2388 Β)
833 2327 863 2376 Si
879 2343 938 2377 aere
956 2336 1096 2377 extraneas
1114 2335 1161 2385 ert,

196 2413 231 2446 ex
249 2397 297 2445 Irae
315 2398 377 2458 lepe.
448 2393 469 2458 9)
489 2393 520 2442 Ia
538 2410 588 2442 aon
607 2401 700 2444 tantam
715 2402 863 2459 patronam,
884 2401 912 2444 ut
930 2411 965 2443 ecc
983 2397 1041 2444 aliia
1058 2395 1161 2460 lapibus,

195 2463 360 2512 sedeciae
383 2463 562 2510 matrimoniali
584 2477 630 2510 nec
652 2464 726 2512 alium
749 2478 894 2527 quemquam
916 2464 1015 2512 uidetur
1039 2478 1162 2512 accusare

192 2533 324 2594 potamum
342 2535 370 2578 at
387 2530 411 2577 ai
427 2530 533 2577 maritas
550 2531 590 2578 uei
603 2537 682 2592 pater
700 2538 769 2592 erat,
789 2533 854 2580 adeo
867 2532 989 2580 eatranei
1004 2533 1068 2586 iure,
1087 2545 1163 2579 ncca-

196 2612 257 2646 sare
281 2596 430 2653 ei'ir'cebai,
457 2598 536 2659 ipsam
558 2604 693 2659 patronam
717 2605 799 2647 tamen
823 2605 918 2647 tantam
941 2601 996 2647 iure
1016 2600 1102 2662 patrie
1123 2601 1164 2647 oet

196 2664 290 2713 marici.
327 2665 359 2713 L.
378 2673 411 2712 m.
430 2661 457 2726 8.
477 2673 496 2713 o.
516 2665 549 2713 D.
568 2665 592 2713 a.
612 2673 628 2717 t.
732 2664 765 2728 ³⁰)
790 2665 830 2728 Cf.
849 2667 882 2715 L.
903 2675 936 2716 15.
957 2664 984 2729 3.
1003 2674 1024 2714 a.
1048 2665 1123 2717 aa.
1142 2672 1162 2714 t.

198 2730 217 2793 ¹)
238 2731 297 2782 Noa
314 2733 373 2795 ipsa
395 2730 537 2796 iepelulia
559 2732 739 2790 haecomnia,
764 2735 812 2782 ced
833 2749 868 2782 eac
884 2737 1001 2799 peneraii
1019 2741 1164 2798 praecepio

196 2801 228 2849 L.
244 2809 263 2848 tt
277 2815 320 2862 pr.
339 2801 371 2848 D.
392 2801 424 2850 de
442 2815 525 2848 aaran.
545 2799 588 2862 (48,
607 2799 639 2864 2),
658 2800 691 2863 cf.
713 2816 734 2849 c.
749 2810 767 2848 5.
778 2803 824 2862 fin.
893 2801 914 2866 ²)
933 2801 1048 2852 Maccime
1066 2817 1100 2850 eac
1120 2801 1162 2851 Vi.

197 2868 231 2916 In
249 2867 283 2916 B.
302 2867 341 2921 irio
359 2869 457 2916 omissis
474 2871 588 2932 sequitur
605 2870 691 2916 rtatim
709 2869 807 2930 scripsit
826 2865 906 2933 (quod
921 2872 948 2918 in
970 2869 1010 2918 Vi.
1030 2870 1163 2918 desidera-

197 2932 259 2998 tur),
277 2936 325 2984 aad
342 2937 433 2984 deinde
451 2936 495 2984 areb
514 2935 553 2999 kp.
566 2949 705 2988 Doxxvm.
725 2939 825 2998 intepra
842 2937 902 2986 iibri
918 2937 1058 3000 Papiniani
1073 2937 1162 2984 citatio

194 3003 330 3064 repetitur,
350 3019 366 3050 a
378 3002 483 3052 librario
495 3005 598 3059 scilicet,-
618 3017 735 3052 novaram
748 3004 859 3066 capitum
870 3006 978 3068 cupido:
997 3003 1162 3053 Collectorem

197 3071 261 3118 enim
279 3069 342 3132 iptio
360 3070 500 3133 Papiniani
516 3071 593 3132 Iiecp.
613 3069 685 3118 libris
701 3071 742 3118 Itic
760 3086 828 3119 asam
847 3087 916 3133 ecce,
936 3088 999 3136 quaa
1016 3072 1080 3119 aiios
1098 3085 1161 3118 nnn·

197 3153 270 3202 quam
288 3137 413 3193 adhibuit,
432 3136 552 3186 credibile
571 3153 621 3186 aaa
639 3144 685 3189 eat.
721 3137 815 3203 Itaque
838 3142 970 3204 sequentia
994 3145 1112 3204 tanquam
1130 3137 1162 3186 ab

196 3206 253 3268 ipso
266 3205 356 3254 Pontio
374 3207 477 3254 citatam
496 3206 672 3253 auctoritatem
691 3207 812 3255 dedimus.
865 3205 886 3269 ³)
906 3209 982 3256 ciuem
999 3206 1045 3255 Ve.
1063 3207 1104 3256 Vi.
1117 3205 1162 3254 Bi.

197 3274 238 3321 ed.
258 3272 304 3320 sibi
317 3272 350 3324 B.
375 3273 433 3321 Via.
448 3271 571 3320 Zeitacier.
584 3271 671 3320 XIII.
682 3289 711 3336 p.
726 3281 759 3324 34,
812 3271 834 3336 4)
853 3275 913 3324 Hoc
932 3275 996 3322 enim
1013 3275 1060 3330 iac,
1079 3281 1106 3322 at
1124 3279 1163 3322 iac

197 3339 332 3389 occidendi
356 3336 387 3401 (c.
406 3348 426 3387 2.
446 3336 472 3401 8.
492 3347 512 3389 2.
544 3337 584 3401 Os.
604 3339 636 3390 L.
656 3349 689 3392 24.
709 3339 736 3404 3.
755 3349 776 3390 3.
799 3341 833 3389 D.
852 3341 876 3390 Iz.
895 3339 927 3402 t.)
953 3347 1048 3391 tantum
1072 3347 1164 3390 contra

196 3408 287 3456 iustam
304 3421 410 3455 rumorem
428 3407 512 3454 datum
531 3412 596 3456 erat.
627 3407 661 3456 In
678 3408 710 3457 L.
726 3418 757 3458 13.
777 3407 803 3472 3.
817 3417 836 3458 t.
855 3410 889 3456 D.
908 3409 931 3458 n.
952 3415 969 3457 t.
992 3407 1163 3458 Tritonianae

196 3473 275 3522 uerba
293 3474 344 3522 iure
362 3474 467 3522 extranei·
484 3475 595 3523 omisisse
613 3476 721 3527 uidetur.
825 3473 846 3538 δ)
865 3475 928 3526 Iure
947 3475 1069 3526 entranei
1086 3489 1162 3524 accu-
