2634 3974
372 660 481 720 IVLII
504 658 663 720 PAVLLI
688 657 1027 726 SENTENTIARVM

549 775 662 825 siren
681 773 848 824 unnulvs

298 929 357 1010 [Ab
371 935 508 992 bonorum
520 935 733 1004 possessionem
749 947 788 988 es
802 932 857 987 boc
874 932 947 987 libro
961 935 1110 1003 pertinent

441 1019 480 1073 Ι).
493 1017 541 1074 16.
566 1017 601 1072 b.
619 1017 653 1072 de
669 1017 732 1072 bon.
747 1031 827 1087 poss.
845 1013 904 1087 (37.
924 1013 962 1087 1).

441 1103 473 1158 L.
491 1101 518 1157 7.
529 1095 578 1158 1).
597 1107 691 1156 ratam
707 1115 768 1155 rem
784 1098 844 1171 (46,
860 1093 917 1174 8).]

435 1235 498 1276 ΤΙΤ.
515 1236 536 1274 1.
570 1233 612 1274 DE
628 1232 827 1276 OABBONIANO
843 1231 969 1276 unlc‘ro.

279 1318 303 1377 l.
328 1320 355 1376 Si
376 1319 440 1394 ⁹(et)
463 1321 538 1375 fratri
559 1314 672 1393 puberi¹
697 1320 885 1375 controuersia
911 1317 971 1383 fiat.
1000 1333 1032 1374 an
1061 1318 1191 1393 ’propter

217 1402 393 1478 (impuberis)
416 1413 442 1460 et
464 1397 593 1478 puberis²
620 1402 719 1460 differri
745 1402 954 1468 consedebant,
975 1401 1108 1459 uariatum
1130 1411 1187 1460 est:

220 1490 268 1544 sed
283 1491 369 1562 tnagis
386 1495 443 1552 est,
466 1496 496 1544 ut
512 1487 611 1544 differri
626 1504 683 1572 non
698 1486 803 1543 debeat.

475 1623 538 1663 r1r.
556 1623 590 1662 11.
624 1623 666 1663 nu
681 1621 778 1663 Boius
793 1621 930 1664 moueri.

280 1705 304 1764 l.
332 1699 378 1763 ¹In
393 1705 473 1763 bonis
489 1707 577 1763 liberti
593 1709 669 1783 prior
685 1714 726 1762 est
741 1714 880 1780 patronus.
898 1723 977 1780 quarn
993 1705 1064 1763 filius
1077 1707 1189 1763 alterius

218 1793 339 1866 patroni:
366 1793 487 1865 itemque
502 1794 577 1865 prior
592 1801 634 1848 est
650 1789 721 1847 filius
738 1793 858 1864 patroni,
880 1808 961 1864 quarn
976 1808 1062 1865 nepos
1077 1791 1189 1846 alterius
1210 1826 1212 1832 ·
1308 1807 1309 1810 ¹

218 1878 334 1950 patroni.
380 1874 409 1935 2.
434 1870 576 1933 ²Libertus
599 1876 728 1931 'duorum
744 1883 921 1948 patronorum
939 1868 1052 1950 (αἱῖοε)3
1074 1874 1189 1930 heredes

216 1963 351 2016 Instituit:
378 1961 447 2017 aiter
467 1977 561 2017 eorum
578 1961 641 2017 uino
658 1959 755 2015 liberto
771 1961 901 2016 moritur:
927 1961 950 2014 is
957 1967 967 2024 ,’
993 1962 1039 2034 qui
1054 1967 1188 2034 superest,

219 2054 313 2101 eontra
334 2045 439 2101 tabulas
462 2046 617 2101 testamenti
636 2044 769 2099 bonorum
787 2045 989 2124 possessionem
1004 2051 1078 2101 reete
1092 2052 1190 2117 postu·

219 2130 265 2185 iat.
326 2126 354 2187 3.
384 2123 575 2185 ⁴Libertorutn
602 2128 737 2185 hereditas
764 2130 791 2184 in
817 2130 917 2202 capita,
945 2146 1000 2186 non
1025 2131 1053 2184 iu
1079 2131 1188 2201 stirpes,

218 2213 362 2278 diuiduum
391 2222 419 2272 et
445 2214 506 2270 ideo
535 2215 558 2268 si
579 2215 658 2268 unius
679 2214 786 2286 patroni
808 2213 862 2270 duo
883 2214 938 2270 sint
957 2213 1049 2276 liberi,
1076 2214 1188 2270 alterius

218 2306 362 2371 quattuor,
384 2297 485 2372 singuli
508 2297 614 2362 uiriles,
636 2297 664 2352 id
685 2305 727 2353 est
743 2297 868 2371 aequales
883 2299 1025 2371 portiones
1041 2295 1186 2354 habebunt.

216 2381 247 2438 4.
270 2382 404 2437 Patronus
426 2382 469 2438 uel
490 2383 598 2455 patroni
614 2381 690 2438 liberi
712 2398 744 2439 ex
767 2391 845 2455 parte
860 2381 968 2438 dimidia
983 2381 1097 2438 heredes
1112 2381 1189 2438 insti·

217 2467 269 2520 tuti
285 2481 330 2520 aes
346 2466 461 2521 alienum
478 2465 567 2522 liberti
582 2482 632 2541 pro
647 2464 819 2540 portionibus
835 2461 978 2523 exsoluere
996 2474 1142 2541 eoguntur.

394 2544 439 2626 [L.
459 2551 508 2608 20.
532 2551 568 2607 b.
585 2553 620 2607 de
636 2555 701 2608 iure
712 2558 832 2624 patron.
851 2549 910 2622 (37,
930 2548 990 2623 14).

410 2635 443 2692 L.
460 2634 510 2692 49.
535 2636 570 2692 D.
588 2637 623 2691 de
639 2626 704 2692 bort.¹
719 2636 813 2692 libert.
834 2633 894 2708 (38,
912 2629 968 2711 2).]

220 2727 420 2739 -————

289 2798 337 2852 Tii.
352 2799 378 2853 J.
411 2798 429 2862 1)
444 2800 573 2864 Suppleoi.
593 2802 659 2850 irstri
673 2801 788 2864 impuberi
802 2800 838 2861 ej.
854 2800 939 2849 Cuius.
954 2798 1067 2862 (favente
1080 2797 1125 2851 Gd.
1137 2807 1185 2848 33.;

219 2869 315 2916 iratrunt
333 2868 443 2932 puberi).
479 2869 605 2919 Fortasse
623 2868 818 2918 restituendum:
843 2865 982 2932 (impuberi
999 2867 1040 2930 ei)
1064 2866 1129 2918 irstri
1153 2867 1184 2916 si.

216 2936 313 2998 puberi;
337 2936 372 2998 ss.
391 2935 509 3000 Interpr.
580 2934 601 3000 ²)
621 2936 730 2999 Scripsi.
761 2951 805 3000 pro
823 2942 889 2998 parte
907 2935 1036 3001 Impuberis
1055 2931 1088 2996 (et
1105 2935 1182 2996 impu·

217 3003 281 3050 beris
302 3003 347 3052 Osi.
361 3001 394 3066 t.)
416 3003 482 3053 Caici.
500 3005 539 3053 ed.
559 3004 593 3056 A.
624 3018 668 3067 pro
686 3011 752 3067 parte
770 3004 868 3068 puberis
887 3003 972 3055 Ouiae.
991 3003 1025 3066 ej.
1044 3002 1085 3051 De
1101 3016 1130 3050 re
1149 3001 1185 3063 cs.

216 3069 249 3122 L.
268 3077 289 3121 3.
309 3069 335 3133 3.
357 3078 378 3121 s.
397 3071 430 3124 D.
451 3073 482 3121 de
502 3070 577 3120 Cari.
598 3073 638 3120 ed.
660 3067 703 3133 (nr,
723 3067 769 3133 to).

287 3137 335 3187 Tit.
355 3137 397 3189 11.
441 3137 460 3200 ¹)
481 3138 520 3202 Of.
543 3138 600 3202 lstp.
619 3147 658 3200 27,
676 3147 697 3186 r.
716 3147 738 3188 s.
808 3136 828 3198 ²)
854 3138 894 3201 Of.
914 3138 969 3190 Gai.
988 3147 1014 3198 e,
1034 3146 1068 3187 sa.
1097 3137 1129 3186 L.
1149 3144 1187 3185 st.

216 3205 249 3253 D.
269 3206 375 3256 debon.
394 3205 436 3257 lib.
457 3203 500 3268 (38,
519 3203 551 3267 2).
619 3203 641 3268 8)
661 3204 769 3270 Scripsi.
792 3205 851 3255 dnos
869 3213 981 3269 patronos
1001 3205 1106 3269 (facium
1123 3210 1186 3268 puta

216 3287 252 3322 ers
269 3273 336 3322 duor.
355 3280 476 3337 patronor.
496 3280 521 3322 ei
538 3272 571 3323 ob
583 3275 769 3324 similitudinem
787 3275 875 3324 ‘aiios’
894 3271 1034 3334 escidirse)
1048 3271 1112 3323 Osiri.
1126 3273 1184 3323 edd.

216 3341 274 3390 duos
297 3348 410 3404 patronos
429 3341 511 3390 habuit
529 3340 594 3404 (pro
618 3342 718 3390 heredes
741 3339 856 3403 Instituit)
877 3340 963 3390 Ouiae.
982 3343 1032 3403 cj.,
1053 3342 1095 3406 qui
1117 3339 1186 3406 quod

217 3411 261 3464 ait,
280 3409 306 3456 in
326 3407 471 3472 quibusdam
484 3407 549 3457 oua.
569 3409 618 3471 ispi
634 3408 722 3456 babere
739 3409 849 3464 instituit,
868 3407 899 3457 ab
917 3409 1003 3460 Haeo.
1025 3423 1075 3457 nou
1093 3408 1184 3471 coufir-

216 3482 307 3522 matur.
339 3476 397 3522 duos
415 3483 527 3536 patronos
545 3475 637 3524 habens
656 3476 716 3524 aiios
734 3473 877 3536 sciuitej.
948 3473 970 3538 ⁴)
990 3474 1029 3538 Os.
1045 3475 1183 3539 Uip.27‚t.
1278 3521 1287 3534 ,,
