<?xml version="1.0" encoding="UTF-8"?>
<!DOCTYPE html PUBLIC "-//W3C//DTD XHTML 1.0 Transitional//EN"
    "http://www.w3.org/TR/xhtml1/DTD/xhtml1-transitional.dtd">
<html xmlns="http://www.w3.org/1999/xhtml" xml:lang="en" lang="en">
 <head>
  <title>
</title>
<meta http-equiv="Content-Type" content="text/html;charset=utf-8" />
  <meta name='ocr-system' content='tesseract 3.04.00' />
  <meta name='ocr-capabilities' content='ocr_page ocr_carea ocr_par ocr_line ocrx_word'/>
</head>
<body>
  <div class='ocr_page' id='page_1' title='image "./ivrisprvdentiae01huscgoog_0500.png"; bbox 0 0 2634 3960; ppageno 0'>
   <div class='ocr_carea' id='block_1_1' title="bbox 194 159 949 226">
    <p class='ocr_par' dir='ltr' id='par_1_1' title="bbox 194 159 949 226">
     <span class='ocr_line' id='line_1_1' title="bbox 194 159 949 226; baseline -0.003 -16"><span class='ocrx_word' id='word_1_1' title='bbox 194 163 246 212; x_wconf 77' lang='lat'><strong>482</strong></span> <span class='ocrx_word' id='word_1_2' title='bbox 406 173 519 208; x_wconf 79' lang='lat' dir='ltr'><strong>neuram</strong></span> <span class='ocrx_word' id='word_1_3' title='bbox 538 173 657 208; x_wconf 71' lang='lat' dir='ltr'><strong>veriani</strong></span> <span class='ocrx_word' id='word_1_4' title='bbox 676 173 780 226; x_wconf 74' lang='lat' dir='ltr'><strong>renen.</strong></span> <span class='ocrx_word' id='word_1_5' title='bbox 802 159 838 209; x_wconf 78' lang='lat' dir='ltr'><strong>tt.</strong></span> <span class='ocrx_word' id='word_1_6' title='bbox 858 161 949 208; x_wconf 83' lang='lat'>9—13.</span> 
     </span>
    </p>
   </div>
   <div class='ocr_carea' id='block_1_2' title="bbox 99 313 1251 1655">
    <p class='ocr_par' dir='ltr' id='par_1_2' title="bbox 196 313 1173 473">
     <span class='ocr_line' id='line_1_2' title="bbox 196 313 1173 387; baseline -0.002 -15"><span class='ocrx_word' id='word_1_7' title='bbox 196 333 298 377; x_wconf 84' lang='lat' dir='ltr'><strong>annua,</strong></span> <span class='ocrx_word' id='word_1_8' title='bbox 317 313 401 377; x_wconf 89' lang='lat' dir='ltr'><strong>hima,</strong></span> <span class='ocrx_word' id='word_1_9' title='bbox 425 316 501 371; x_wconf 90' lang='lat' dir='ltr'><strong>trima</strong></span> <span class='ocrx_word' id='word_1_10' title='bbox 517 313 560 370; x_wconf 88' lang='lat' dir='ltr'><strong>die</strong></span> <span class='ocrx_word' id='word_1_11' title='bbox 575 314 710 376; x_wconf 81' lang='lat' dir='ltr'>redditur:</span> <span class='ocrx_word' id='word_1_12' title='bbox 731 315 783 370; x_wconf 89' lang='lat' dir='ltr'><strong>nisi</strong></span> <span class='ocrx_word' id='word_1_13' title='bbox 798 315 821 368; x_wconf 93' lang='lat' dir='ltr'><strong>si</strong></span> <span class='ocrx_word' id='word_1_14' title='bbox 837 322 867 369; x_wconf 89' lang='lat' dir='ltr'><strong>ut</strong></span> <span class='ocrx_word' id='word_1_15' title='bbox 882 329 1010 387; x_wconf 89' lang='lat' dir='ltr'><strong>praesens</strong></span> <span class='ocrx_word' id='word_1_16' title='bbox 1025 313 1173 378; x_wconf 77' lang='lat' dir='ltr'>reddatur,</span> 
     </span>
     <span class='ocr_line' id='line_1_3' title="bbox 197 397 905 473; baseline -0.004 -16"><span class='ocrx_word' id='word_1_17' title='bbox 197 401 364 457; x_wconf 83' lang='lat' dir='ltr'><strong>conuenerit.</strong></span> <span class='ocrx_word' id='word_1_18' title='bbox 403 399 529 473; x_wconf 85' lang='lat' dir='ltr'><strong>reliquae</strong></span> <span class='ocrx_word' id='word_1_19' title='bbox 544 398 622 454; x_wconf 85' lang='lat' dir='ltr'><strong>detes</strong></span> <span class='ocrx_word' id='word_1_20' title='bbox 639 401 731 454; x_wconf 88' lang='lat' dir='ltr'><strong>statim</strong></span> <span class='ocrx_word' id='word_1_21' title='bbox 747 397 905 454; x_wconf 83' lang='lat' dir='ltr'><strong>redduntur.</strong></span> 
     </span>
    </p>

    <p class='ocr_par' dir='ltr' id='par_1_3' title="bbox 126 477 1251 726">
     <span class='ocr_line' id='line_1_4' title="bbox 126 477 1244 566; baseline -0.004 -24"><span class='ocrx_word' id='word_1_22' title='bbox 126 559 129 566; x_wconf 85' lang='lat'>.</span> <span class='ocrx_word' id='word_1_23' title='bbox 261 483 290 542; x_wconf 89' lang='grc'><strong>9.</strong></span> <span class='ocrx_word' id='word_1_24' title='bbox 317 477 538 540; x_wconf 83' lang='lat' dir='ltr'><strong>¹¹¹Reteuti0nes</strong></span> <span class='ocrx_word' id='word_1_25' title='bbox 555 499 587 538; x_wconf 78' lang='lat' dir='ltr'><strong>eu</strong></span> <span class='ocrx_word' id='word_1_26' title='bbox 603 483 667 539; x_wconf 87' lang='lat' dir='ltr'><strong>dote</strong></span> <span class='ocrx_word' id='word_1_27' title='bbox 683 481 750 539; x_wconf 84' lang='lat' dir='ltr'><strong>fiunt</strong></span> <span class='ocrx_word' id='word_1_28' title='bbox 764 481 826 554; x_wconf 83' lang='lat' dir='ltr'><strong>(aut</strong></span> <span class='ocrx_word' id='word_1_29' title='bbox 839 490 961 555; x_wconf 85' lang='lat' dir='ltr'><strong>propter</strong></span> <span class='ocrx_word' id='word_1_30' title='bbox 974 481 1102 555; x_wconf 59' lang='lat' dir='ltr'><strong>liberem)</strong></span> <span class='ocrx_word' id='word_1_31' title='bbox 1118 491 1176 538; x_wconf 89' lang='lat' dir='ltr'><strong>aut.</strong></span> <span class='ocrx_word' id='word_1_32' title='bbox 1241 497 1244 505; x_wconf 93' lang='lat'>·</span> 
     </span>
     <span class='ocr_line' id='line_1_5' title="bbox 197 568 1246 646; baseline -0.003 -21"><span class='ocrx_word' id='word_1_33' title='bbox 197 575 311 644; x_wconf 87' lang='lat' dir='ltr'><strong>propter</strong></span> <span class='ocrx_word' id='word_1_34' title='bbox 325 583 430 630; x_wconf 90' lang='lat' dir='ltr'><strong>mores,</strong></span> <span class='ocrx_word' id='word_1_35' title='bbox 448 575 492 623; x_wconf 89' lang='lat' dir='ltr'><strong>aut</strong></span> <span class='ocrx_word' id='word_1_36' title='bbox 507 575 620 641; x_wconf 88' lang='lat' dir='ltr'><strong>prepter</strong></span> <span class='ocrx_word' id='word_1_37' title='bbox 635 569 774 642; x_wconf 77' lang='lat' dir='ltr'>inpensas,</span> <span class='ocrx_word' id='word_1_38' title='bbox 793 576 839 623; x_wconf 88' lang='lat' dir='ltr'><strong>aut</strong></span> <span class='ocrx_word' id='word_1_39' title='bbox 854 575 968 642; x_wconf 86' lang='lat' dir='ltr'><strong>propter</strong></span> <span class='ocrx_word' id='word_1_40' title='bbox 983 584 1026 624; x_wconf 91' lang='lat' dir='ltr'><strong>res</strong></span> <span class='ocrx_word' id='word_1_41' title='bbox 1042 568 1174 630; x_wconf 75' lang='lat' dir='ltr'><strong>denatae..</strong></span> <span class='ocrx_word' id='word_1_42' title='bbox 1241 588 1246 646; x_wconf 82' lang='lat'><strong>.‘</strong></span> 
     </span>
     <span class='ocr_line' id='line_1_6' title="bbox 198 659 1251 726; baseline -0.002 -16"><span class='ocrx_word' id='word_1_43' title='bbox 198 663 244 710; x_wconf 87' lang='lat' dir='ltr'><strong>aut</strong></span> <span class='ocrx_word' id='word_1_44' title='bbox 260 663 373 726; x_wconf 89' lang='lat' dir='ltr'><strong>prepter</strong></span> <span class='ocrx_word' id='word_1_45' title='bbox 387 669 431 708; x_wconf 87' lang='lat' dir='ltr'><strong>res</strong></span> <span class='ocrx_word' id='word_1_46' title='bbox 447 659 558 708; x_wconf 86' lang='lat' dir='ltr'><strong>amotas.</strong></span> <span class='ocrx_word' id='word_1_47' title='bbox 972 683 981 710; x_wconf 82' lang='lat' dir='ltr'><strong>t</strong></span> <span class='ocrx_word' id='word_1_48' title='bbox 1250 710 1251 713; x_wconf 64' lang='grc'>,</span> 
     </span>
    </p>

    <p class='ocr_par' dir='ltr' id='par_1_4' title="bbox 199 731 1251 1065">
     <span class='ocr_line' id='line_1_7' title="bbox 261 731 1244 810; baseline -0.008 -17"><span class='ocrx_word' id='word_1_49' title='bbox 261 733 307 793; x_wconf 91' lang='lat'><strong>10.</strong></span> <span class='ocrx_word' id='word_1_50' title='bbox 332 731 467 810; x_wconf 79' lang='lat' dir='ltr'><strong>²Propter</strong></span> <span class='ocrx_word' id='word_1_51' title='bbox 489 736 590 792; x_wconf 90' lang='lat' dir='ltr'><strong>liberos</strong></span> <span class='ocrx_word' id='word_1_52' title='bbox 611 738 727 794; x_wconf 84' lang='lat' dir='ltr'><strong>retentio</strong></span> <span class='ocrx_word' id='word_1_53' title='bbox 750 735 794 801; x_wconf 82' lang='lat' dir='ltr'><strong>sit,</strong></span> <span class='ocrx_word' id='word_1_54' title='bbox 822 737 845 792; x_wconf 91' lang='lat' dir='ltr'><strong>si</strong></span> <span class='ocrx_word' id='word_1_55' title='bbox 869 736 950 809; x_wconf 79' lang='lat' dir='ltr'><strong>eulpa</strong></span> <span class='ocrx_word' id='word_1_56' title='bbox 974 737 1093 792; x_wconf 86' lang='lat' dir='ltr'><strong>mulieris</strong></span> <span class='ocrx_word' id='word_1_57' title='bbox 1119 746 1177 792; x_wconf 90' lang='lat' dir='ltr'><strong>aut.</strong></span> <span class='ocrx_word' id='word_1_58' title='bbox 1241 776 1244 785; x_wconf 94' lang='lat'>.</span> 
     </span>
     <span class='ocr_line' id='line_1_8' title="bbox 199 821 1247 896; baseline 0 -20"><span class='ocrx_word' id='word_1_59' title='bbox 199 823 297 896; x_wconf 88' lang='lat' dir='ltr'><strong>patris,</strong></span> <span class='ocrx_word' id='word_1_60' title='bbox 314 823 391 878; x_wconf 80' lang='lat' dir='ltr'><strong>euius</strong></span> <span class='ocrx_word' id='word_1_61' title='bbox 406 822 433 877; x_wconf 87' lang='lat' dir='ltr'><strong>in</strong></span> <span class='ocrx_word' id='word_1_62' title='bbox 448 829 584 894; x_wconf 75' lang='lat' dir='ltr'><strong>potestate</strong></span> <span class='ocrx_word' id='word_1_63' title='bbox 599 829 654 884; x_wconf 91' lang='lat' dir='ltr'><strong>est,</strong></span> <span class='ocrx_word' id='word_1_64' title='bbox 671 821 819 880; x_wconf 86' lang='lat' dir='ltr'><strong>diuortium</strong></span> <span class='ocrx_word' id='word_1_65' title='bbox 834 821 933 878; x_wconf 83' lang='lat' dir='ltr'><strong>iactum</strong></span> <span class='ocrx_word' id='word_1_66' title='bbox 949 823 997 884; x_wconf 88' lang='lat' dir='ltr'><strong>sit;</strong></span> <span class='ocrx_word' id='word_1_67' title='bbox 1013 829 1079 876; x_wconf 86' lang='lat' dir='ltr'><strong>tune</strong></span> <span class='ocrx_word' id='word_1_68' title='bbox 1094 822 1175 876; x_wconf 87' lang='lat' dir='ltr'><strong>enim</strong></span> <span class='ocrx_word' id='word_1_69' title='bbox 1241 838 1247 895; x_wconf 69' lang='lat'>2</span> 
     </span>
     <span class='ocr_line' id='line_1_9' title="bbox 200 898 1251 980; baseline -0.002 -18"><span class='ocrx_word' id='word_1_70' title='bbox 200 905 371 980; x_wconf 81' lang='lat' dir='ltr'><strong>singulorum</strong></span> <span class='ocrx_word' id='word_1_71' title='bbox 387 905 535 962; x_wconf 89' lang='lat' dir='ltr'><strong>liberorum</strong></span> <span class='ocrx_word' id='word_1_72' title='bbox 550 907 659 962; x_wconf 85' lang='lat' dir='ltr'><strong>nomine</strong></span> <span class='ocrx_word' id='word_1_73' title='bbox 675 913 771 964; x_wconf 82' lang='lat' dir='ltr'><strong>sertae</strong></span> <span class='ocrx_word' id='word_1_74' title='bbox 790 907 942 962; x_wconf 79' lang='lat' dir='ltr'><strong>retinentur</strong></span> <span class='ocrx_word' id='word_1_75' title='bbox 958 905 1082 966; x_wconf 74' lang='lat' dir='ltr'><strong>exdate:</strong></span> <span class='ocrx_word' id='word_1_76' title='bbox 1111 923 1171 960; x_wconf 93' lang='lat' dir='ltr'><strong>non</strong></span> <span class='ocrx_word' id='word_1_77' title='bbox 1241 898 1251 925; x_wconf 28' lang='lat'><strong>&#39;¹</strong></span> 
     </span>
     <span class='ocr_line' id='line_1_10' title="bbox 199 983 1247 1065; baseline -0.003 -19"><span class='ocrx_word' id='word_1_78' title='bbox 199 991 292 1065; x_wconf 87' lang='lat' dir='ltr'><strong>plures</strong></span> <span class='ocrx_word' id='word_1_79' title='bbox 315 997 403 1046; x_wconf 89' lang='lat' dir='ltr'><strong>tamen</strong></span> <span class='ocrx_word' id='word_1_80' title='bbox 426 1007 505 1064; x_wconf 91' lang='lat' dir='ltr'><strong>quam</strong></span> <span class='ocrx_word' id='word_1_81' title='bbox 526 999 591 1045; x_wconf 91' lang='lat' dir='ltr'><strong>tres.</strong></span> <span class='ocrx_word' id='word_1_82' title='bbox 657 987 697 1051; x_wconf 86' lang='lat' dir='ltr'><strong>ll.</strong></span> <span class='ocrx_word' id='word_1_83' title='bbox 723 983 905 1048; x_wconf 84' lang='lat' dir='ltr'><strong>’Sexterum³</strong></span> <span class='ocrx_word' id='word_1_84' title='bbox 932 991 1114 1052; x_wconf 62' lang='lat' dir='ltr'><strong>retentione,</strong></span> <span class='ocrx_word' id='word_1_85' title='bbox 1144 993 1172 1044; x_wconf 83' lang='lat' dir='ltr'><strong>si</strong></span> <span class='ocrx_word' id='word_1_86' title='bbox 1241 991 1247 1001; x_wconf 93' lang='lat'>&#39;</span> 
     </span>
    </p>

    <p class='ocr_par' dir='ltr' id='par_1_5' title="bbox 99 1068 1248 1236">
     <span class='ocr_line' id='line_1_11' title="bbox 170 1068 1248 1148; baseline -0.004 -16"><span class='ocrx_word' id='word_1_87' title='bbox 170 1105 171 1110; x_wconf 20' lang='grc' dir='ltr'>ι</span> <span class='ocrx_word' id='word_1_88' title='bbox 199 1076 408 1132; x_wconf 81' lang='lat' dir='ltr'><strong>matrimonium</strong></span> <span class='ocrx_word' id='word_1_89' title='bbox 433 1077 584 1148; x_wconf 83' lang='lat' dir='ltr'><strong>repetitum</strong></span> <span class='ocrx_word' id='word_1_90' title='bbox 605 1079 654 1145; x_wconf 78' lang='lat' dir='ltr'><strong>ait,</strong></span> <span class='ocrx_word' id='word_1_91' title='bbox 682 1068 769 1145; x_wconf 84' lang='lat' dir='ltr'><strong>dos,¹</strong></span> <span class='ocrx_word' id='word_1_92' title='bbox 796 1091 863 1148; x_wconf 89' lang='lat' dir='ltr'><strong>quae</strong></span> <span class='ocrx_word' id='word_1_93' title='bbox 889 1074 973 1132; x_wconf 92' lang='lat' dir='ltr'><strong>semel</strong></span> <span class='ocrx_word' id='word_1_94' title='bbox 997 1074 1089 1129; x_wconf 83' lang='lat' dir='ltr'><strong>iuncta</strong></span> <span class='ocrx_word' id='word_1_95' title='bbox 1115 1082 1169 1136; x_wconf 89' lang='lat' dir='ltr'><strong>est,</strong></span> <span class='ocrx_word' id='word_1_96' title='bbox 1241 1086 1248 1107; x_wconf 81' lang='lat'><em>‘</em></span> 
     </span>
     <span class='ocr_line' id='line_1_12' title="bbox 99 1153 1166 1236; baseline 0 -22"><span class='ocrx_word' id='word_1_97' title='bbox 99 1160 314 1234; x_wconf 83' lang='lat' dir='ltr'><strong>193buamplius</strong></span> <span class='ocrx_word' id='word_1_98' title='bbox 331 1159 408 1234; x_wconf 83' lang='lat' dir='ltr'><strong>iungi</strong></span> <span class='ocrx_word' id='word_1_99' title='bbox 425 1176 480 1216; x_wconf 88' lang='lat' dir='ltr'><strong>non</strong></span> <span class='ocrx_word' id='word_1_100' title='bbox 495 1166 601 1234; x_wconf 86' lang='lat' dir='ltr'><strong>petest,</strong></span> <span class='ocrx_word' id='word_1_101' title='bbox 623 1161 674 1216; x_wconf 91' lang='lat' dir='ltr'><strong>nisi</strong></span> <span class='ocrx_word' id='word_1_102' title='bbox 691 1153 695 1236; x_wconf 76' lang='grc'>1</span> <span class='ocrx_word' id='word_1_103' title='bbox 713 1156 819 1216; x_wconf 78' lang='grc' dir='ltr'><strong>ἰιΙίιιιί5</strong></span> <span class='ocrx_word' id='word_1_104' title='bbox 834 1160 1033 1216; x_wconf 83' lang='lat' dir='ltr'><strong>matrimonium</strong></span> <span class='ocrx_word' id='word_1_105' title='bbox 1048 1159 1093 1216; x_wconf 89' lang='lat' dir='ltr'><strong>sit.</strong></span> <span class='ocrx_word' id='word_1_106' title='bbox 1162 1197 1166 1204; x_wconf 86' lang='lat'>-</span> 
     </span>
    </p>

    <p class='ocr_par' dir='ltr' id='par_1_6' title="bbox 201 1240 1251 1655">
     <span class='ocr_line' id='line_1_13' title="bbox 264 1240 1251 1318; baseline -0.007 -14"><span class='ocrx_word' id='word_1_107' title='bbox 264 1240 307 1304; x_wconf 81' lang='lat'><strong>12.</strong></span> <span class='ocrx_word' id='word_1_108' title='bbox 331 1243 436 1300; x_wconf 87' lang='lat' dir='ltr'><strong>Merum</strong></span> <span class='ocrx_word' id='word_1_109' title='bbox 456 1245 577 1305; x_wconf 85' lang='lat' dir='ltr'><strong>nemine,</strong></span> <span class='ocrx_word' id='word_1_110' title='bbox 604 1245 761 1316; x_wconf 85' lang='lat' dir='ltr'><strong>grauiorum</strong></span> <span class='ocrx_word' id='word_1_111' title='bbox 783 1243 890 1318; x_wconf 87' lang='lat' dir='ltr'><strong>quidem</strong></span> <span class='ocrx_word' id='word_1_112' title='bbox 917 1245 1022 1300; x_wconf 84' lang='lat' dir='ltr'><strong>’sextae</strong></span> <span class='ocrx_word' id='word_1_113' title='bbox 1048 1244 1171 1298; x_wconf 89' lang='lat' dir='ltr'><strong>retinen·</strong></span> <span class='ocrx_word' id='word_1_114' title='bbox 1241 1272 1251 1289; x_wconf 69' lang='grc'><strong>.</strong></span> 
     </span>
     <span class='ocr_line' id='line_1_14' title="bbox 202 1320 1250 1401; baseline -0.006 -16"><span class='ocrx_word' id='word_1_115' title='bbox 202 1323 281 1392; x_wconf 76' lang='grc' dir='ltr'><strong>ῑιιι;6</strong></span> <span class='ocrx_word' id='word_1_116' title='bbox 307 1329 441 1384; x_wconf 85' lang='lat' dir='ltr'><strong>leuiarum</strong></span> <span class='ocrx_word' id='word_1_117' title='bbox 467 1337 556 1384; x_wconf 90' lang='lat' dir='ltr'><strong>autem</strong></span> <span class='ocrx_word' id='word_1_118' title='bbox 579 1335 683 1384; x_wconf 86' lang='lat' dir='ltr'><strong>octaua.</strong></span> <span class='ocrx_word' id='word_1_119' title='bbox 728 1320 886 1401; x_wconf 83' lang='lat' dir='ltr'><strong>grauiores⁷</strong></span> <span class='ocrx_word' id='word_1_120' title='bbox 911 1344 1001 1383; x_wconf 89' lang='lat' dir='ltr'><strong>mares</strong></span> <span class='ocrx_word' id='word_1_121' title='bbox 1022 1337 1086 1382; x_wconf 89' lang='lat' dir='ltr'><strong>suut</strong></span> <span class='ocrx_word' id='word_1_122' title='bbox 1107 1326 1173 1382; x_wconf 66' lang='lat' dir='ltr'><strong>’aa</strong></span> <span class='ocrx_word' id='word_1_123' title='bbox 1241 1320 1250 1355; x_wconf 72' lang='lat'><em>³</em></span> 
     </span>
     <span class='ocr_line' id='line_1_15' title="bbox 202 1407 1174 1485; baseline -0.003 -17"><span class='ocrx_word' id='word_1_124' title='bbox 202 1407 322 1468; x_wconf 81' lang='lat' dir='ltr'><strong>ulteria8</strong></span> <span class='ocrx_word' id='word_1_125' title='bbox 343 1420 461 1474; x_wconf 64' lang='lat' dir='ltr'><strong>tantum</strong></span> <span class='ocrx_word' id='word_1_126' title='bbox 487 1413 605 1467; x_wconf 80' lang='lat' dir='ltr'><strong>leuiores</strong></span> <span class='ocrx_word' id='word_1_127' title='bbox 627 1429 721 1468; x_wconf 84' lang='lat' dir='ltr'><strong>ornnes</strong></span> <span class='ocrx_word' id='word_1_128' title='bbox 742 1412 849 1485; x_wconf 89' lang='lat' dir='ltr'><strong>reliqui.</strong></span> <span class='ocrx_word' id='word_1_129' title='bbox 900 1407 945 1469; x_wconf 80' lang='lat'><strong>13.</strong></span> <span class='ocrx_word' id='word_1_130' title='bbox 970 1411 1056 1468; x_wconf 88' lang='lat' dir='ltr'><strong>Mariti</strong></span> <span class='ocrx_word' id='word_1_131' title='bbox 1077 1427 1174 1466; x_wconf 87' lang='lat' dir='ltr'><strong>meres</strong></span> 
     </span>
     <span class='ocr_line' id='line_1_16' title="bbox 201 1488 1250 1570; baseline -0.002 -19"><span class='ocrx_word' id='word_1_132' title='bbox 201 1499 353 1570; x_wconf 87' lang='lat' dir='ltr'><strong>puniuntur</strong></span> <span class='ocrx_word' id='word_1_133' title='bbox 373 1498 448 1550; x_wconf 89' lang='lat' dir='ltr'><strong>inea</strong></span> <span class='ocrx_word' id='word_1_134' title='bbox 466 1496 573 1568; x_wconf 90' lang='lat' dir='ltr'><strong>quidem</strong></span> <span class='ocrx_word' id='word_1_135' title='bbox 589 1495 667 1560; x_wconf 83' lang='lat' dir='ltr'><strong>dete,</strong></span> <span class='ocrx_word' id='word_1_136' title='bbox 695 1513 763 1570; x_wconf 90' lang='lat' dir='ltr'><strong>quae</strong></span> <span class='ocrx_word' id='word_1_137' title='bbox 788 1497 888 1552; x_wconf 87' lang='lat' dir='ltr'><strong>’annua</strong></span> <span class='ocrx_word' id='word_1_138' title='bbox 904 1488 965 1552; x_wconf 83' lang='lat' dir='ltr'><strong>die9</strong></span> <span class='ocrx_word' id='word_1_139' title='bbox 988 1495 1064 1554; x_wconf 80' lang='lat' dir='ltr'><strong>reddi</strong></span> <span class='ocrx_word' id='word_1_140' title='bbox 1079 1495 1172 1556; x_wconf 85' lang='lat' dir='ltr'><strong>debet,</strong></span> <span class='ocrx_word' id='word_1_141' title='bbox 1249 1565 1250 1568; x_wconf 7' lang='grc' dir='ltr'><strong>Ἴ</strong></span> 
     </span>
     <span class='ocr_line' id='line_1_17' title="bbox 202 1579 1250 1655; baseline -0.002 -19"><span class='ocrx_word' id='word_1_142' title='bbox 202 1583 240 1636; x_wconf 90' lang='lat' dir='ltr'><strong>ita</strong></span> <span class='ocrx_word' id='word_1_143' title='bbox 265 1579 316 1650; x_wconf 85' lang='lat' dir='ltr'><strong>(ut)</strong></span> <span class='ocrx_word' id='word_1_144' title='bbox 343 1587 457 1652; x_wconf 87' lang='lat' dir='ltr'><strong>prepter</strong></span> <span class='ocrx_word' id='word_1_145' title='bbox 482 1581 597 1635; x_wconf 86' lang='lat' dir='ltr'><strong>maiores</strong></span> <span class='ocrx_word' id='word_1_146' title='bbox 625 1597 715 1636; x_wconf 87' lang='lat' dir='ltr'><strong>meres</strong></span> <span class='ocrx_word' id='word_1_147' title='bbox 744 1589 915 1655; x_wconf 78' lang='lat' dir='ltr'><strong>praesentem</strong></span> <span class='ocrx_word' id='word_1_148' title='bbox 944 1581 1035 1638; x_wconf 86' lang='lat' dir='ltr'><strong>dotem</strong></span> <span class='ocrx_word' id='word_1_149' title='bbox 1064 1579 1171 1642; x_wconf 81' lang='lat' dir='ltr'><strong>reddat,</strong></span> <span class='ocrx_word' id='word_1_150' title='bbox 1249 1621 1250 1626; x_wconf 32' lang='lat'>1</span> 
     </span>
    </p>
   </div>
   <div class='ocr_carea' id='block_1_3' title="bbox 203 1759 1261 3381">
    <p class='ocr_par' dir='ltr' id='par_1_7' title="bbox 203 1759 1261 3381">
     <span class='ocr_line' id='line_1_18' title="bbox 204 1759 1167 1826; baseline -0.003 -16"><span class='ocrx_word' id='word_1_151' title='bbox 204 1759 248 1826; x_wconf 88' lang='lat'><strong>¹¹¹)</strong></span> <span class='ocrx_word' id='word_1_152' title='bbox 270 1760 309 1823; x_wconf 76' lang='lat' dir='ltr'><strong>Os.</strong></span> <span class='ocrx_word' id='word_1_153' title='bbox 328 1761 375 1810; x_wconf 83' lang='lat' dir='ltr'><strong>Fr.</strong></span> <span class='ocrx_word' id='word_1_154' title='bbox 398 1761 458 1814; x_wconf 86' lang='lat' dir='ltr'><strong>Vat.</strong></span> <span class='ocrx_word' id='word_1_155' title='bbox 477 1770 523 1814; x_wconf 79' lang='lat'><strong>120.</strong></span> <span class='ocrx_word' id='word_1_156' title='bbox 549 1763 583 1810; x_wconf 89' lang='lat' dir='ltr'><strong>L.</strong></span> <span class='ocrx_word' id='word_1_157' title='bbox 603 1777 644 1810; x_wconf 73' lang='lat' dir='ltr'><strong>ma</strong></span> <span class='ocrx_word' id='word_1_158' title='bbox 665 1760 692 1825; x_wconf 67' lang='grc'><strong>3.</strong></span> <span class='ocrx_word' id='word_1_159' title='bbox 712 1771 732 1810; x_wconf 81' lang='lat'><strong>5.</strong></span> <span class='ocrx_word' id='word_1_160' title='bbox 753 1761 780 1812; x_wconf 82' lang='lat'><strong>0.</strong></span> <span class='ocrx_word' id='word_1_161' title='bbox 800 1764 832 1812; x_wconf 86' lang='lat' dir='ltr'><strong>de</strong></span> <span class='ocrx_word' id='word_1_162' title='bbox 850 1764 891 1812; x_wconf 84' lang='lat' dir='ltr'><strong>rei</strong></span> <span class='ocrx_word' id='word_1_163' title='bbox 908 1778 983 1815; x_wconf 72' lang='lat' dir='ltr'><strong>umor.</strong></span> <span class='ocrx_word' id='word_1_164' title='bbox 1004 1769 1053 1812; x_wconf 85' lang='lat' dir='ltr'><strong>act.</strong></span> <span class='ocrx_word' id='word_1_165' title='bbox 1072 1761 1100 1823; x_wconf 80' lang='lat'><strong>(5,</strong></span> <span class='ocrx_word' id='word_1_166' title='bbox 1121 1759 1167 1819; x_wconf 72' lang='lat' dir='ltr'><strong>tt).</strong></span> 
     </span>
     <span class='ocr_line' id='line_1_19' title="bbox 204 1828 1261 1893; baseline 0.001 -15"><span class='ocrx_word' id='word_1_167' title='bbox 204 1829 223 1890; x_wconf 49' lang='grc' dir='ltr'><strong>ἲ)</strong></span> <span class='ocrx_word' id='word_1_168' title='bbox 244 1829 285 1890; x_wconf 80' lang='lat' dir='ltr'><strong>Cs.</strong></span> <span class='ocrx_word' id='word_1_169' title='bbox 307 1829 358 1878; x_wconf 85' lang='lat' dir='ltr'><strong>Cie.</strong></span> <span class='ocrx_word' id='word_1_170' title='bbox 381 1829 445 1893; x_wconf 82' lang='lat' dir='ltr'><strong>Tap.</strong></span> <span class='ocrx_word' id='word_1_171' title='bbox 463 1838 484 1877; x_wconf 83' lang='grc'><strong>4.</strong></span> <span class='ocrx_word' id='word_1_172' title='bbox 514 1829 586 1881; x_wconf 82' lang='grc' dir='ltr'>Ραιιὶ.</span> <span class='ocrx_word' id='word_1_173' title='bbox 607 1829 673 1878; x_wconf 84' lang='lat' dir='ltr'><strong>Inat.</strong></span> <span class='ocrx_word' id='word_1_174' title='bbox 692 1829 735 1879; x_wconf 87' lang='grc' dir='ltr'><strong>ΙΙ.</strong></span> <span class='ocrx_word' id='word_1_175' title='bbox 755 1831 826 1893; x_wconf 80' lang='lat' dir='ltr'><strong>apud</strong></span> <span class='ocrx_word' id='word_1_176' title='bbox 841 1830 935 1882; x_wconf 73' lang='lat' dir='ltr'><strong>Boetn.</strong></span> <span class='ocrx_word' id='word_1_177' title='bbox 954 1830 1053 1884; x_wconf 69' lang='lat' dir='ltr'><strong>timu.</strong></span> <span class='ocrx_word' id='word_1_178' title='bbox 1070 1831 1096 1879; x_wconf 83' lang='lat' dir='ltr'><strong>in</strong></span> <span class='ocrx_word' id='word_1_179' title='bbox 1116 1828 1169 1880; x_wconf 72' lang='lat' dir='ltr'><strong>cie.</strong></span> <span class='ocrx_word' id='word_1_180' title='bbox 1255 1848 1261 1879; x_wconf 65' lang='grc' dir='ltr'>η</span> 
     </span>
     <span class='ocr_line' id='line_1_20' title="bbox 208 1894 1169 1962; baseline -0.002 -16"><span class='ocrx_word' id='word_1_181' title='bbox 208 1897 271 1961; x_wconf 83' lang='lat' dir='ltr'><strong>Top.</strong></span> <span class='ocrx_word' id='word_1_182' title='bbox 291 1904 311 1946; x_wconf 87' lang='grc' dir='ltr'><strong>ι.</strong></span> <span class='ocrx_word' id='word_1_183' title='bbox 329 1894 355 1959; x_wconf 70' lang='grc'><strong>3.</strong></span> <span class='ocrx_word' id='word_1_184' title='bbox 377 1905 407 1947; x_wconf 84' lang='lat' dir='ltr'><strong>ta.</strong></span> <span class='ocrx_word' id='word_1_185' title='bbox 426 1913 506 1960; x_wconf 77' lang='lat' dir='ltr'><strong>supra</strong></span> <span class='ocrx_word' id='word_1_186' title='bbox 522 1913 550 1960; x_wconf 86' lang='lat' dir='ltr'><strong>p.</strong></span> <span class='ocrx_word' id='word_1_187' title='bbox 562 1905 608 1946; x_wconf 75' lang='lat' dir='ltr'><strong>aaa.</strong></span> <span class='ocrx_word' id='word_1_188' title='bbox 629 1904 655 1946; x_wconf 84' lang='lat' dir='ltr'><strong>et</strong></span> <span class='ocrx_word' id='word_1_189' title='bbox 671 1902 696 1946; x_wconf 80' lang='lat' dir='ltr'><strong>tn</strong></span> <span class='ocrx_word' id='word_1_190' title='bbox 719 1897 782 1962; x_wconf 78' lang='lat' dir='ltr'><strong>Tap.</strong></span> <span class='ocrx_word' id='word_1_191' title='bbox 798 1905 829 1954; x_wconf 83' lang='grc' dir='ltr'><strong>ιι,</strong></span> <span class='ocrx_word' id='word_1_192' title='bbox 842 1906 876 1946; x_wconf 85' lang='lat' dir='ltr'><strong>aa.</strong></span> <span class='ocrx_word' id='word_1_193' title='bbox 892 1914 919 1962; x_wconf 86' lang='lat' dir='ltr'><strong>p.</strong></span> <span class='ocrx_word' id='word_1_194' title='bbox 933 1906 979 1950; x_wconf 82' lang='lat' dir='ltr'><strong>ara.</strong></span> <span class='ocrx_word' id='word_1_195' title='bbox 998 1897 1042 1951; x_wconf 79' lang='lat' dir='ltr'><strong>Or.</strong></span> <span class='ocrx_word' id='word_1_196' title='bbox 1060 1897 1103 1948; x_wconf 77' lang='lat' dir='ltr'><strong>uti</strong></span> <span class='ocrx_word' id='word_1_197' title='bbox 1119 1911 1169 1960; x_wconf 85' lang='lat' dir='ltr'><strong>pro</strong></span> 
     </span>
     <span class='ocr_line' id='line_1_21' title="bbox 205 1963 1261 2029; baseline 0.005 -17"><span class='ocrx_word' id='word_1_198' title='bbox 205 1974 299 2014; x_wconf 87' lang='lat' dir='ltr'><strong>sextans</strong></span> <span class='ocrx_word' id='word_1_199' title='bbox 316 1966 445 2029; x_wconf 77' lang='lat' dir='ltr'><strong>tepentium</strong></span> <span class='ocrx_word' id='word_1_200' title='bbox 463 1972 502 2014; x_wconf 85' lang='lat' dir='ltr'><strong>est</strong></span> <span class='ocrx_word' id='word_1_201' title='bbox 518 1972 603 2017; x_wconf 80' lang='lat' dir='ltr'><strong>sextas.</strong></span> <span class='ocrx_word' id='word_1_202' title='bbox 625 1965 671 2013; x_wconf 76' lang='lat' dir='ltr'><strong>Fr.</strong></span> <span class='ocrx_word' id='word_1_203' title='bbox 689 1965 748 2014; x_wconf 87' lang='lat' dir='ltr'><strong>Vat.</strong></span> <span class='ocrx_word' id='word_1_204' title='bbox 768 1974 884 2015; x_wconf 71' lang='grc' dir='ltr'>ιιι-107.</span> <span class='ocrx_word' id='word_1_205' title='bbox 947 1963 969 2026; x_wconf 84' lang='lat'><strong>¹)</strong></span> <span class='ocrx_word' id='word_1_206' title='bbox 988 1974 1051 2016; x_wconf 79' lang='lat' dir='ltr'><strong>sente</strong></span> <span class='ocrx_word' id='word_1_207' title='bbox 1068 1967 1091 2015; x_wconf 92' lang='lat' dir='ltr'><strong>in</strong></span> <span class='ocrx_word' id='word_1_208' title='bbox 1109 1965 1169 2015; x_wconf 82' lang='lat' dir='ltr'><strong>Vut.</strong></span> <span class='ocrx_word' id='word_1_209' title='bbox 1260 2014 1261 2017; x_wconf 75' lang='grc'>,</span> 
     </span>
     <span class='ocr_line' id='line_1_22' title="bbox 205 2031 1258 2097; baseline -0.002 -15"><span class='ocrx_word' id='word_1_210' title='bbox 205 2041 283 2082; x_wconf 85' lang='lat' dir='ltr'><strong>sextae</strong></span> <span class='ocrx_word' id='word_1_211' title='bbox 299 2033 323 2081; x_wconf 90' lang='lat' dir='ltr'><strong>in</strong></span> <span class='ocrx_word' id='word_1_212' title='bbox 340 2032 390 2096; x_wconf 81' lang='lat' dir='ltr'><strong>Bp.</strong></span> <span class='ocrx_word' id='word_1_213' title='bbox 410 2032 450 2084; x_wconf 85' lang='lat' dir='ltr'><strong>ed.</strong></span> <span class='ocrx_word' id='word_1_214' title='bbox 467 2033 540 2097; x_wconf 81' lang='lat' dir='ltr'><strong>sipno</strong></span> <span class='ocrx_word' id='word_1_215' title='bbox 557 2048 635 2082; x_wconf 83' lang='lat' dir='ltr'><strong>novae</strong></span> <span class='ocrx_word' id='word_1_216' title='bbox 654 2031 683 2096; x_wconf 69' lang='lat' dir='ltr'><strong>§i</strong></span> <span class='ocrx_word' id='word_1_217' title='bbox 699 2049 748 2082; x_wconf 85' lang='lat' dir='ltr'><strong>non</strong></span> <span class='ocrx_word' id='word_1_218' title='bbox 764 2033 805 2082; x_wconf 86' lang='lat' dir='ltr'><strong>lu&#39;e</strong></span> <span class='ocrx_word' id='word_1_219' title='bbox 821 2035 870 2082; x_wconf 79' lang='lat' dir='ltr'><strong>aed</strong></span> <span class='ocrx_word' id='word_1_220' title='bbox 884 2039 978 2096; x_wconf 82' lang='lat' dir='ltr'><strong>postea</strong></span> <span class='ocrx_word' id='word_1_221' title='bbox 999 2041 1057 2082; x_wconf 87' lang='lat' dir='ltr'><strong>ante</strong></span> <span class='ocrx_word' id='word_1_222' title='bbox 1082 2051 1104 2084; x_wconf 83' lang='grc' dir='ltr'><strong>υ.</strong></span> <span class='ocrx_word' id='word_1_223' title='bbox 1127 2034 1171 2081; x_wconf 88' lang='lat' dir='ltr'><strong>dus</strong></span> <span class='ocrx_word' id='word_1_224' title='bbox 1255 2060 1258 2061; x_wconf 28' lang='grc' dir='ltr'><em>ν</em></span> 
     </span>
     <span class='ocr_line' id='line_1_23' title="bbox 203 2098 1169 2165; baseline -0.002 -15"><span class='ocrx_word' id='word_1_225' title='bbox 203 2101 286 2165; x_wconf 78' lang='lat' dir='ltr'><strong>facto.</strong></span> <span class='ocrx_word' id='word_1_226' title='bbox 338 2098 359 2162; x_wconf 76' lang='grc'><strong>4)</strong></span> <span class='ocrx_word' id='word_1_227' title='bbox 379 2102 510 2150; x_wconf 85' lang='lat' dir='ltr'><strong>retentione</strong></span> <span class='ocrx_word' id='word_1_228' title='bbox 523 2107 588 2156; x_wconf 90' lang='lat' dir='ltr'><strong>sunt,</strong></span> <span class='ocrx_word' id='word_1_229' title='bbox 608 2117 653 2150; x_wconf 84' lang='lat' dir='ltr'><strong>nen</strong></span> <span class='ocrx_word' id='word_1_230' title='bbox 671 2102 811 2164; x_wconf 80' lang='lat' dir='ltr'><strong>inpetitione</strong></span> <span class='ocrx_word' id='word_1_231' title='bbox 824 2101 868 2150; x_wconf 81' lang='lat' dir='ltr'><strong>der</strong></span> <span class='ocrx_word' id='word_1_232' title='bbox 885 2101 944 2150; x_wconf 83' lang='lat' dir='ltr'><strong>Vat.</strong></span> <span class='ocrx_word' id='word_1_233' title='bbox 964 2102 1095 2150; x_wconf 87' lang='lat' dir='ltr'><strong>retentione</strong></span> <span class='ocrx_word' id='word_1_234' title='bbox 1107 2109 1169 2156; x_wconf 88' lang='lat' dir='ltr'><strong>sunt,</strong></span> 
     </span>
     <span class='ocr_line' id='line_1_24' title="bbox 206 2167 1170 2232; baseline -0.002 -14"><span class='ocrx_word' id='word_1_235' title='bbox 206 2185 252 2218; x_wconf 87' lang='lat' dir='ltr'><strong>non</strong></span> <span class='ocrx_word' id='word_1_236' title='bbox 266 2170 424 2232; x_wconf 88' lang='lat' dir='ltr'><strong>inpetitione.</strong></span> <span class='ocrx_word' id='word_1_237' title='bbox 461 2167 489 2231; x_wconf 68' lang='lat'><strong>8.</strong></span> <span class='ocrx_word' id='word_1_238' title='bbox 504 2170 543 2217; x_wconf 84' lang='lat'><strong>11.</strong></span> <span class='ocrx_word' id='word_1_239' title='bbox 562 2169 610 2218; x_wconf 86' lang='lat' dir='ltr'><strong>Das</strong></span> <span class='ocrx_word' id='word_1_240' title='bbox 627 2168 731 2231; x_wconf 82' lang='lat' dir='ltr'><strong>ed.Bp.</strong></span> <span class='ocrx_word' id='word_1_241' title='bbox 760 2169 815 2217; x_wconf 84' lang='lat' dir='ltr'><strong>Atii</strong></span> <span class='ocrx_word' id='word_1_242' title='bbox 830 2170 882 2218; x_wconf 81' lang='lat' dir='ltr'><strong>alia</strong></span> <span class='ocrx_word' id='word_1_243' title='bbox 895 2170 1026 2219; x_wconf 77' lang='lat' dir='ltr'><strong>commenti</strong></span> <span class='ocrx_word' id='word_1_244' title='bbox 1036 2176 1102 2218; x_wconf 80' lang='lat' dir='ltr'><strong>aunt.</strong></span> <span class='ocrx_word' id='word_1_245' title='bbox 1130 2169 1170 2217; x_wconf 89' lang='lat' dir='ltr'><strong>De</strong></span> 
     </span>
     <span class='ocr_line' id='line_1_25' title="bbox 206 2236 1261 2300; baseline 0.003 -14"><span class='ocrx_word' id='word_1_246' title='bbox 206 2244 295 2286; x_wconf 81' lang='lat' dir='ltr'><strong>nostra</strong></span> <span class='ocrx_word' id='word_1_247' title='bbox 312 2238 412 2286; x_wconf 83' lang='lat' dir='ltr'><strong>ratione</strong></span> <span class='ocrx_word' id='word_1_248' title='bbox 430 2237 479 2288; x_wconf 84' lang='lat' dir='ltr'><strong>nid.</strong></span> <span class='ocrx_word' id='word_1_249' title='bbox 497 2237 555 2285; x_wconf 69' lang='grc' dir='ltr'><strong>ΠΙ.</strong></span> <span class='ocrx_word' id='word_1_250' title='bbox 571 2253 599 2300; x_wconf 87' lang='lat' dir='ltr'><strong>p.</strong></span> <span class='ocrx_word' id='word_1_251' title='bbox 612 2244 658 2285; x_wconf 76' lang='grc'><strong>376.</strong></span> <span class='ocrx_word' id='word_1_252' title='bbox 685 2237 724 2286; x_wconf 83' lang='grc' dir='ltr'><strong>Ι)ε</strong></span> <span class='ocrx_word' id='word_1_253' title='bbox 737 2252 766 2285; x_wconf 87' lang='lat' dir='ltr'><strong>re</strong></span> <span class='ocrx_word' id='word_1_254' title='bbox 783 2236 818 2299; x_wconf 84' lang='lat' dir='ltr'><strong>ef.</strong></span> <span class='ocrx_word' id='word_1_255' title='bbox 829 2238 863 2290; x_wconf 86' lang='lat' dir='ltr'><strong>L.</strong></span> <span class='ocrx_word' id='word_1_256' title='bbox 876 2245 908 2285; x_wconf 80' lang='grc'><strong>33.</strong></span> <span class='ocrx_word' id='word_1_257' title='bbox 928 2237 961 2285; x_wconf 84' lang='grc' dir='ltr'><strong>Ι).</strong></span> <span class='ocrx_word' id='word_1_258' title='bbox 981 2239 1013 2286; x_wconf 85' lang='lat' dir='ltr'><strong>de</strong></span> <span class='ocrx_word' id='word_1_259' title='bbox 1029 2238 1081 2286; x_wconf 80' lang='lat' dir='ltr'><strong>ritu</strong></span> <span class='ocrx_word' id='word_1_260' title='bbox 1098 2243 1171 2298; x_wconf 83' lang='lat' dir='ltr'><strong>nupt.</strong></span> <span class='ocrx_word' id='word_1_261' title='bbox 1260 2286 1261 2289; x_wconf 75' lang='grc'>,</span> 
     </span>
     <span class='ocr_line' id='line_1_26' title="bbox 208 2302 1260 2369; baseline -0.003 -16"><span class='ocrx_word' id='word_1_262' title='bbox 208 2305 251 2366; x_wconf 81' lang='lat' dir='ltr'><strong>(aa,</strong></span> <span class='ocrx_word' id='word_1_263' title='bbox 265 2303 298 2366; x_wconf 86' lang='lat' dir='ltr'><strong>a).</strong></span> <span class='ocrx_word' id='word_1_264' title='bbox 317 2304 349 2355; x_wconf 77' lang='lat' dir='ltr'><strong>L.</strong></span> <span class='ocrx_word' id='word_1_265' title='bbox 363 2312 395 2351; x_wconf 81' lang='lat' dir='ltr'><strong>ta.</strong></span> <span class='ocrx_word' id='word_1_266' title='bbox 408 2312 442 2354; x_wconf 77' lang='lat' dir='ltr'><strong>te.</strong></span> <span class='ocrx_word' id='word_1_267' title='bbox 457 2302 483 2366; x_wconf 71' lang='grc'><strong>3.</strong></span> <span class='ocrx_word' id='word_1_268' title='bbox 496 2312 517 2355; x_wconf 88' lang='lat' dir='ltr'><strong>a.</strong></span> <span class='ocrx_word' id='word_1_269' title='bbox 530 2304 563 2356; x_wconf 83' lang='lat' dir='ltr'><strong>D.</strong></span> <span class='ocrx_word' id='word_1_270' title='bbox 576 2307 623 2354; x_wconf 80' lang='lat' dir='ltr'><strong>sot.</strong></span> <span class='ocrx_word' id='word_1_271' title='bbox 636 2311 709 2352; x_wconf 81' lang='lat' dir='ltr'><strong>matr.</strong></span> <span class='ocrx_word' id='word_1_272' title='bbox 726 2302 768 2366; x_wconf 80' lang='grc' dir='ltr'>(ιι,</span> <span class='ocrx_word' id='word_1_273' title='bbox 781 2305 812 2366; x_wconf 82' lang='lat' dir='ltr'><strong>a).</strong></span> <span class='ocrx_word' id='word_1_274' title='bbox 833 2305 877 2355; x_wconf 82' lang='lat' dir='ltr'><strong>Fr.</strong></span> <span class='ocrx_word' id='word_1_275' title='bbox 895 2305 953 2353; x_wconf 82' lang='lat' dir='ltr'><strong>Vm.</strong></span> <span class='ocrx_word' id='word_1_276' title='bbox 969 2313 1015 2354; x_wconf 87' lang='grc' dir='ltr'>ιιι.</span> <span class='ocrx_word' id='word_1_277' title='bbox 1064 2304 1084 2369; x_wconf 74' lang='lat'><strong>¹)</strong></span> <span class='ocrx_word' id='word_1_278' title='bbox 1099 2305 1171 2353; x_wconf 83' lang='lat' dir='ltr'><strong>atium</strong></span> <span class='ocrx_word' id='word_1_279' title='bbox 1259 2323 1260 2328; x_wconf 20' lang='grc' dir='ltr'>ι</span> 
     </span>
     <span class='ocr_line' id='line_1_27' title="bbox 211 2366 1170 2438; baseline -0.001 -19"><span class='ocrx_word' id='word_1_280' title='bbox 211 2371 271 2422; x_wconf 80' lang='lat' dir='ltr'><strong>Vnt.</strong></span> <span class='ocrx_word' id='word_1_281' title='bbox 285 2366 326 2418; x_wconf 85' lang='lat' dir='ltr'><strong>e&#39;d.</strong></span> <span class='ocrx_word' id='word_1_282' title='bbox 339 2369 390 2432; x_wconf 80' lang='lat' dir='ltr'><strong>Bp.</strong></span> <span class='ocrx_word' id='word_1_283' title='bbox 436 2370 458 2434; x_wconf 84' lang='lat'><strong>¹)</strong></span> <span class='ocrx_word' id='word_1_284' title='bbox 472 2370 516 2419; x_wconf 87' lang='lat' dir='ltr'><strong>Itu</strong></span> <span class='ocrx_word' id='word_1_285' title='bbox 532 2373 591 2422; x_wconf 83' lang='lat' dir='ltr'><strong>Vat.</strong></span> <span class='ocrx_word' id='word_1_286' title='bbox 610 2379 673 2421; x_wconf 81' lang='lat' dir='ltr'><strong>serta</strong></span> <span class='ocrx_word' id='word_1_287' title='bbox 686 2373 800 2421; x_wconf 86' lang='lat' dir='ltr'><strong>retinetur</strong></span> <span class='ocrx_word' id='word_1_288' title='bbox 812 2374 870 2421; x_wconf 84' lang='lat' dir='ltr'><strong>edd.</strong></span> <span class='ocrx_word' id='word_1_289' title='bbox 879 2373 1020 2438; x_wconf 81' lang='lat' dir='ltr'><strong>pleraeque</strong></span> <span class='ocrx_word' id='word_1_290' title='bbox 1034 2373 1109 2421; x_wconf 82' lang='lat' dir='ltr'><strong>etiam</strong></span> <span class='ocrx_word' id='word_1_291' title='bbox 1120 2369 1170 2432; x_wconf 82' lang='lat' dir='ltr'><strong>Bp.</strong></span> 
     </span>
     <span class='ocr_line' id='line_1_28' title="bbox 207 2438 1171 2504; baseline 0 -18"><span class='ocrx_word' id='word_1_292' title='bbox 207 2438 293 2491; x_wconf 84' lang='lat' dir='ltr'><strong>Male;</strong></span> <span class='ocrx_word' id='word_1_293' title='bbox 306 2445 401 2494; x_wconf 77' lang='lat' dir='ltr'><strong>nummi</strong></span> <span class='ocrx_word' id='word_1_294' title='bbox 414 2445 510 2487; x_wconf 81' lang='lat' dir='ltr'><strong>taceam</strong></span> <span class='ocrx_word' id='word_1_295' title='bbox 522 2441 619 2488; x_wconf 82' lang='lat' dir='ltr'><strong>omnino</strong></span> <span class='ocrx_word' id='word_1_296' title='bbox 633 2445 826 2489; x_wconf 77' lang='lat' dir='ltr'><strong>eorasentaneum</strong></span> <span class='ocrx_word' id='word_1_297' title='bbox 837 2439 926 2502; x_wconf 78' lang='lat' dir='ltr'><strong>fuisse,</strong></span> <span class='ocrx_word' id='word_1_298' title='bbox 942 2442 1077 2504; x_wconf 78' lang='lat' dir='ltr'><strong>praviorea</strong></span> <span class='ocrx_word' id='word_1_299' title='bbox 1089 2453 1171 2488; x_wconf 81' lang='lat' dir='ltr'><strong>morea</strong></span> 
     </span>
     <span class='ocr_line' id='line_1_29' title="bbox 207 2505 1173 2572; baseline 0.002 -20"><span class='ocrx_word' id='word_1_300' title='bbox 207 2512 234 2552; x_wconf 84' lang='lat' dir='ltr'><strong>nt</strong></span> <span class='ocrx_word' id='word_1_301' title='bbox 251 2505 347 2554; x_wconf 81' lang='lat' dir='ltr'><strong>maiore</strong></span> <span class='ocrx_word' id='word_1_302' title='bbox 362 2520 447 2567; x_wconf 85' lang='lat' dir='ltr'><strong>poena</strong></span> <span class='ocrx_word' id='word_1_303' title='bbox 461 2505 604 2568; x_wconf 75' lang='lat' dir='ltr'><strong>ferirentur</strong></span> <span class='ocrx_word' id='word_1_304' title='bbox 621 2523 693 2571; x_wconf 83' lang='lat' dir='ltr'><strong>quam</strong></span> <span class='ocrx_word' id='word_1_305' title='bbox 714 2508 740 2555; x_wconf 85' lang='lat' dir='ltr'><strong>in</strong></span> <span class='ocrx_word' id='word_1_306' title='bbox 754 2513 847 2558; x_wconf 72' lang='lat' dir='ltr'><strong>sextae</strong></span> <span class='ocrx_word' id='word_1_307' title='bbox 868 2507 900 2556; x_wconf 83' lang='lat' dir='ltr'><strong>ab</strong></span> <span class='ocrx_word' id='word_1_308' title='bbox 917 2515 1008 2557; x_wconf 76' lang='lat' dir='ltr'><strong>octana</strong></span> <span class='ocrx_word' id='word_1_309' title='bbox 1025 2507 1173 2572; x_wconf 77' lang='lat' dir='ltr'><strong>differentia</strong></span> 
     </span>
     <span class='ocr_line' id='line_1_30' title="bbox 207 2575 1172 2639; baseline 0.005 -19"><span class='ocrx_word' id='word_1_310' title='bbox 207 2575 285 2629; x_wconf 85' lang='lat' dir='ltr'><strong>inest,</strong></span> <span class='ocrx_word' id='word_1_311' title='bbox 302 2587 356 2620; x_wconf 82' lang='lat' dir='ltr'><strong>eum</strong></span> <span class='ocrx_word' id='word_1_312' title='bbox 366 2575 500 2633; x_wconf 75' lang='lat' dir='ltr'><strong>praetores</strong></span> <span class='ocrx_word' id='word_1_313' title='bbox 513 2589 596 2623; x_wconf 82' lang='lat' dir='ltr'><strong>mores</strong></span> <span class='ocrx_word' id='word_1_314' title='bbox 607 2581 658 2624; x_wconf 76' lang='lat' dir='ltr'><strong>sint</strong></span> <span class='ocrx_word' id='word_1_315' title='bbox 670 2576 812 2631; x_wconf 79' lang='lat' dir='ltr'><strong>adulteria,</strong></span> <span class='ocrx_word' id='word_1_316' title='bbox 826 2590 891 2639; x_wconf 84' lang='lat' dir='ltr'><strong>quae</strong></span> <span class='ocrx_word' id='word_1_317' title='bbox 902 2579 1033 2638; x_wconf 76' lang='lat' dir='ltr'><strong>complura</strong></span> <span class='ocrx_word' id='word_1_318' title='bbox 1042 2577 1102 2638; x_wconf 79' lang='lat' dir='ltr'><strong>fieri</strong></span> <span class='ocrx_word' id='word_1_319' title='bbox 1112 2589 1172 2638; x_wconf 77' lang='lat' dir='ltr'><strong>pos·</strong></span> 
     </span>
     <span class='ocr_line' id='line_1_31' title="bbox 207 2641 1173 2705; baseline 0.002 -16"><span class='ocrx_word' id='word_1_320' title='bbox 207 2646 266 2689; x_wconf 82' lang='lat' dir='ltr'><strong>aunt</strong></span> <span class='ocrx_word' id='word_1_321' title='bbox 283 2646 307 2688; x_wconf 92' lang='lat' dir='ltr'><strong>et</strong></span> <span class='ocrx_word' id='word_1_322' title='bbox 324 2641 422 2689; x_wconf 84' lang='lat' dir='ltr'><strong>ideirco</strong></span> <span class='ocrx_word' id='word_1_323' title='bbox 437 2641 587 2704; x_wconf 82' lang='lat' dir='ltr'><strong>puniuntur,</strong></span> <span class='ocrx_word' id='word_1_324' title='bbox 609 2643 668 2705; x_wconf 77' lang='lat' dir='ltr'><strong>putu</strong></span> <span class='ocrx_word' id='word_1_325' title='bbox 684 2643 778 2691; x_wconf 80' lang='lat' dir='ltr'><strong>liberos</strong></span> <span class='ocrx_word' id='word_1_326' title='bbox 795 2659 863 2692; x_wconf 80' lang='lat' dir='ltr'><strong>umor</strong></span> <span class='ocrx_word' id='word_1_327' title='bbox 884 2643 931 2692; x_wconf 72' lang='lat' dir='ltr'><strong>noe</strong></span> <span class='ocrx_word' id='word_1_328' title='bbox 947 2646 1020 2693; x_wconf 85' lang='lat' dir='ltr'><strong><em>modo</em></strong></span> <span class='ocrx_word' id='word_1_329' title='bbox 1037 2651 1064 2692; x_wconf 82' lang='lat' dir='ltr'><strong>ut</strong></span> <span class='ocrx_word' id='word_1_330' title='bbox 1081 2644 1173 2691; x_wconf 78' lang='lat' dir='ltr'><strong>mara&#39;to</strong></span> 
     </span>
     <span class='ocr_line' id='line_1_32' title="bbox 206 2707 1171 2773; baseline -0.001 -15"><span class='ocrx_word' id='word_1_331' title='bbox 206 2707 333 2768; x_wconf 66' lang='lat' dir='ltr'><strong>arabiieiut</strong></span> <span class='ocrx_word' id='word_1_332' title='bbox 343 2709 496 2757; x_wconf 80' lang='lat' dir='ltr'><strong>committere</strong></span> <span class='ocrx_word' id='word_1_333' title='bbox 508 2711 614 2767; x_wconf 83' lang='lat' dir='ltr'><strong>uidetur,</strong></span> <span class='ocrx_word' id='word_1_334' title='bbox 626 2725 661 2758; x_wconf 77' lang='lat' dir='ltr'><strong>ex</strong></span> <span class='ocrx_word' id='word_1_335' title='bbox 673 2710 807 2760; x_wconf 81' lang='lat' dir='ltr'><strong>liberorum</strong></span> <span class='ocrx_word' id='word_1_336' title='bbox 818 2714 873 2773; x_wconf 79' lang='lat' dir='ltr'><strong>tepe</strong></span> <span class='ocrx_word' id='word_1_337' title='bbox 884 2708 929 2773; x_wconf 80' lang='lat' dir='ltr'><em>(cf.</em></span> <span class='ocrx_word' id='word_1_338' title='bbox 940 2711 996 2760; x_wconf 83' lang='lat' dir='ltr'><em>libr.</em></span> <span class='ocrx_word' id='word_1_339' title='bbox 1007 2726 1084 2760; x_wconf 83' lang='lat' dir='ltr'><strong>meum</strong></span> <span class='ocrx_word' id='word_1_340' title='bbox 1097 2709 1171 2771; x_wconf 76' lang='lat' dir='ltr'><strong>Vens.</strong></span> 
     </span>
     <span class='ocr_line' id='line_1_33' title="bbox 209 2773 1173 2842; baseline -0.004 -16"><span class='ocrx_word' id='word_1_341' title='bbox 209 2778 234 2826; x_wconf 86' lang='lat' dir='ltr'><strong>d.</strong></span> <span class='ocrx_word' id='word_1_342' title='bbox 254 2773 325 2828; x_wconf 83' lang='lat' dir='ltr'><strong>Serv.</strong></span> <span class='ocrx_word' id='word_1_343' title='bbox 342 2775 405 2826; x_wconf 78' lang='lat' dir='ltr'><strong>Yutt</strong></span> <span class='ocrx_word' id='word_1_344' title='bbox 421 2792 449 2839; x_wconf 94' lang='lat' dir='ltr'><strong>p.</strong></span> <span class='ocrx_word' id='word_1_345' title='bbox 463 2784 509 2827; x_wconf 72' lang='lat'><strong>214.</strong></span> <span class='ocrx_word' id='word_1_346' title='bbox 521 2774 571 2841; x_wconf 79' lang='grc'>663)</span> <span class='ocrx_word' id='word_1_347' title='bbox 589 2779 663 2825; x_wconf 83' lang='lat' dir='ltr'><strong>etiam</strong></span> <span class='ocrx_word' id='word_1_348' title='bbox 678 2780 766 2841; x_wconf 75' lang='lat' dir='ltr'><strong>plures</strong></span> <span class='ocrx_word' id='word_1_349' title='bbox 783 2785 875 2827; x_wconf 76' lang='lat' dir='ltr'><strong>semiue</strong></span> <span class='ocrx_word' id='word_1_350' title='bbox 893 2778 924 2827; x_wconf 84' lang='lat' dir='ltr'><strong>ob</strong></span> <span class='ocrx_word' id='word_1_351' title='bbox 940 2780 1073 2842; x_wconf 73' lang='lat' dir='ltr'><strong>proniores</strong></span> <span class='ocrx_word' id='word_1_352' title='bbox 1090 2790 1173 2824; x_wconf 84' lang='lat' dir='ltr'><strong>mores</strong></span> 
     </span>
     <span class='ocr_line' id='line_1_34' title="bbox 208 2843 1172 2912; baseline -0.004 -20"><span class='ocrx_word' id='word_1_353' title='bbox 208 2845 318 2894; x_wconf 77' lang='lat' dir='ltr'><strong>retineri</strong></span> <span class='ocrx_word' id='word_1_354' title='bbox 325 2851 446 2908; x_wconf 74' lang='lat' dir='ltr'><strong>possunt,</strong></span> <span class='ocrx_word' id='word_1_355' title='bbox 459 2846 543 2909; x_wconf 82' lang='lat' dir='ltr'><strong>itaque</strong></span> <span class='ocrx_word' id='word_1_356' title='bbox 557 2845 619 2908; x_wconf 75' lang='lat' dir='ltr'><strong>fieri</strong></span> <span class='ocrx_word' id='word_1_357' title='bbox 631 2851 751 2912; x_wconf 83' lang='lat' dir='ltr'><strong>poterat,</strong></span> <span class='ocrx_word' id='word_1_358' title='bbox 767 2851 794 2894; x_wconf 82' lang='lat' dir='ltr'><strong>ut</strong></span> <span class='ocrx_word' id='word_1_359' title='bbox 810 2847 915 2895; x_wconf 81' lang='lat' dir='ltr'><strong>maritae</strong></span> <span class='ocrx_word' id='word_1_360' title='bbox 931 2847 1004 2894; x_wconf 80' lang='lat' dir='ltr'><strong>valde</strong></span> <span class='ocrx_word' id='word_1_361' title='bbox 1023 2843 1172 2906; x_wconf 81' lang='lat' dir='ltr'><strong>impudicam</strong></span> 
     </span>
     <span class='ocr_line' id='line_1_35' title="bbox 208 2909 1172 2976; baseline -0.003 -17"><span class='ocrx_word' id='word_1_362' title='bbox 208 2927 315 2961; x_wconf 78' lang='lat' dir='ltr'><strong>uxorem</strong></span> <span class='ocrx_word' id='word_1_363' title='bbox 328 2916 426 2962; x_wconf 82' lang='lat' dir='ltr'><strong>omnino</strong></span> <span class='ocrx_word' id='word_1_364' title='bbox 443 2913 502 2962; x_wconf 83' lang='lat' dir='ltr'><strong>dote</strong></span> <span class='ocrx_word' id='word_1_365' title='bbox 518 2915 645 2976; x_wconf 80' lang='lat' dir='ltr'><strong>spoliaret</strong></span> <span class='ocrx_word' id='word_1_366' title='bbox 658 2913 760 2975; x_wconf 81' lang='lat' dir='ltr'><strong>(Valer.</strong></span> <span class='ocrx_word' id='word_1_367' title='bbox 774 2913 849 2962; x_wconf 71' lang='lat' dir='ltr'><strong>Mace.</strong></span> <span class='ocrx_word' id='word_1_368' title='bbox 864 2923 883 2970; x_wconf 79' lang='lat' dir='ltr'><strong>a,</strong></span> <span class='ocrx_word' id='word_1_369' title='bbox 897 2922 916 2962; x_wconf 78' lang='lat'><strong>2.</strong></span> <span class='ocrx_word' id='word_1_370' title='bbox 930 2911 957 2975; x_wconf 66' lang='lat'><strong>8.</strong></span> <span class='ocrx_word' id='word_1_371' title='bbox 971 2913 1003 2969; x_wconf 72' lang='lat' dir='ltr'><strong>a).</strong></span> <span class='ocrx_word' id='word_1_372' title='bbox 1067 2909 1087 2969; x_wconf 77' lang='lat'><strong>⁷)</strong></span> <span class='ocrx_word' id='word_1_373' title='bbox 1106 2909 1172 2958; x_wconf 87' lang='lat' dir='ltr'><strong>For·</strong></span> 
     </span>
     <span class='ocr_line' id='line_1_36' title="bbox 211 2977 1173 3044; baseline -0.001 -18"><span class='ocrx_word' id='word_1_374' title='bbox 211 2986 279 3028; x_wconf 78' lang='lat' dir='ltr'><strong>tasse</strong></span> <span class='ocrx_word' id='word_1_375' title='bbox 288 2986 349 3041; x_wconf 79' lang='lat' dir='ltr'><strong>post</strong></span> <span class='ocrx_word' id='word_1_376' title='bbox 362 2982 496 3042; x_wconf 81' lang='lat' dir='ltr'><strong>gra-uiures</strong></span> <span class='ocrx_word' id='word_1_377' title='bbox 508 2983 606 3030; x_wconf 72' lang='lat' dir='ltr'><strong>cecidit</strong></span> <span class='ocrx_word' id='word_1_378' title='bbox 618 2984 705 3032; x_wconf 83' lang='lat' dir='ltr'><strong>uxoris.</strong></span> <span class='ocrx_word' id='word_1_379' title='bbox 768 2980 789 3044; x_wconf 80' lang='lat'><strong>¹)</strong></span> <span class='ocrx_word' id='word_1_380' title='bbox 804 2983 918 3030; x_wconf 78' lang='lat' dir='ltr'><strong>adulteria</strong></span> <span class='ocrx_word' id='word_1_381' title='bbox 935 2981 960 3030; x_wconf 92' lang='lat' dir='ltr'><em>V</em></span> <span class='ocrx_word' id='word_1_382' title='bbox 960 2987 996 3028; x_wconf 85' lang='lat' dir='ltr'><strong>at.</strong></span> <span class='ocrx_word' id='word_1_383' title='bbox 1020 2977 1080 3027; x_wconf 80' lang='lat' dir='ltr'><strong>Noti</strong></span> <span class='ocrx_word' id='word_1_384' title='bbox 1092 2977 1173 3027; x_wconf 82' lang='lat' dir='ltr'><strong>corri-</strong></span> 
     </span>
     <span class='ocr_line' id='line_1_37' title="bbox 209 3045 1173 3111; baseline 0.003 -18"><span class='ocrx_word' id='word_1_385' title='bbox 209 3061 271 3110; x_wconf 82' lang='lat' dir='ltr'><strong>pere</strong></span> <span class='ocrx_word' id='word_1_386' title='bbox 284 3061 337 3094; x_wconf 84' lang='lat' dir='ltr'><strong>cum</strong></span> <span class='ocrx_word' id='word_1_387' title='bbox 349 3049 405 3097; x_wconf 78' lang='lat' dir='ltr'><strong>attis</strong></span> <span class='ocrx_word' id='word_1_388' title='bbox 418 3050 570 3104; x_wconf 63' lang='lat' dir='ltr'><strong>adulterium</strong></span> <span class='ocrx_word' id='word_1_389' title='bbox 583 3050 617 3110; x_wconf 79' lang='lat' dir='ltr'><strong>ef.</strong></span> <span class='ocrx_word' id='word_1_390' title='bbox 632 3056 682 3098; x_wconf 86' lang='lat' dir='ltr'><strong>not.</strong></span> <span class='ocrx_word' id='word_1_391' title='bbox 695 3057 739 3100; x_wconf 82' lang='lat' dir='ltr'><strong>tta.</strong></span> <span class='ocrx_word' id='word_1_392' title='bbox 787 3047 807 3111; x_wconf 81' lang='lat'><strong>¹)</strong></span> <span class='ocrx_word' id='word_1_393' title='bbox 822 3065 835 3096; x_wconf 91' lang='lat' dir='ltr'><strong>a</strong></span> <span class='ocrx_word' id='word_1_394' title='bbox 848 3050 885 3098; x_wconf 89' lang='lat' dir='ltr'><strong>die</strong></span> <span class='ocrx_word' id='word_1_395' title='bbox 899 3049 959 3100; x_wconf 82' lang='lat' dir='ltr'><strong>Vat.</strong></span> <span class='ocrx_word' id='word_1_396' title='bbox 973 3045 1017 3111; x_wconf 81' lang='lat' dir='ltr'><em>(cf.</em></span> <span class='ocrx_word' id='word_1_397' title='bbox 1027 3046 1058 3095; x_wconf 89' lang='lat' dir='ltr'><strong>P.</strong></span> <span class='ocrx_word' id='word_1_398' title='bbox 1065 3047 1173 3096; x_wconf 76' lang='lat' dir='ltr'><strong>niuem.</strong></span> 
     </span>
     <span class='ocr_line' id='line_1_38' title="bbox 211 3114 1174 3180; baseline 0.001 -19"><span class='ocrx_word' id='word_1_399' title='bbox 211 3120 237 3162; x_wconf 89' lang='lat' dir='ltr'><strong>et</strong></span> <span class='ocrx_word' id='word_1_400' title='bbox 249 3115 315 3177; x_wconf 81' lang='lat' dir='ltr'><strong>Pap.</strong></span> <span class='ocrx_word' id='word_1_401' title='bbox 329 3127 355 3163; x_wconf 75' lang='lat' dir='ltr'><strong>A.</strong></span> <span class='ocrx_word' id='word_1_402' title='bbox 369 3130 412 3169; x_wconf 84' lang='lat' dir='ltr'><strong>rr,</strong></span> <span class='ocrx_word' id='word_1_403' title='bbox 425 3135 459 3158; x_wconf 91' lang='lat'><strong><em>=</em></strong></span> <span class='ocrx_word' id='word_1_404' title='bbox 471 3131 548 3165; x_wconf 88' lang='lat' dir='ltr'><strong>annuo</strong></span> <span class='ocrx_word' id='word_1_405' title='bbox 561 3115 638 3178; x_wconf 87' lang='lat' dir='ltr'><strong>(anni)</strong></span> <span class='ocrx_word' id='word_1_406' title='bbox 651 3114 777 3180; x_wconf 83' lang='lat' dir='ltr'><strong>tempore).</strong></span> <span class='ocrx_word' id='word_1_407' title='bbox 803 3115 935 3180; x_wconf 78' lang='lat' dir='ltr'><strong>Sipm&#39;fiecn</strong></span> <span class='ocrx_word' id='word_1_408' title='bbox 947 3131 1007 3166; x_wconf 77' lang='lat' dir='ltr'><strong>nero</strong></span> <span class='ocrx_word' id='word_1_409' title='bbox 1019 3114 1100 3165; x_wconf 73' lang='lat' dir='ltr'><strong>tribua</strong></span> <span class='ocrx_word' id='word_1_410' title='bbox 1111 3129 1174 3178; x_wconf 85' lang='lat' dir='ltr'><strong>pen-</strong></span> 
     </span>
     <span class='ocr_line' id='line_1_39' title="bbox 209 3180 1188 3247; baseline 0 -17"><span class='ocrx_word' id='word_1_411' title='bbox 209 3180 329 3238; x_wconf 78' lang='lat' dir='ltr'><strong>sionibus,</strong></span> <span class='ocrx_word' id='word_1_412' title='bbox 342 3185 430 3247; x_wconf 83' lang='lat' dir='ltr'><strong>cuique</strong></span> <span class='ocrx_word' id='word_1_413' title='bbox 443 3199 526 3232; x_wconf 82' lang='lat' dir='ltr'><strong>annua</strong></span> <span class='ocrx_word' id='word_1_414' title='bbox 539 3185 580 3233; x_wconf 82' lang='lat' dir='ltr'><strong>die</strong></span> <span class='ocrx_word' id='word_1_415' title='bbox 592 3189 761 3246; x_wconf 66' lang='lat' dir='ltr'><strong>praestitiam</strong></span> <span class='ocrx_word' id='word_1_416' title='bbox 778 3190 805 3231; x_wconf 86' lang='lat' dir='ltr'><strong>ut</strong></span> <span class='ocrx_word' id='word_1_417' title='bbox 817 3188 912 3234; x_wconf 79' lang='lat' dir='ltr'><strong>‘annua</strong></span> <span class='ocrx_word' id='word_1_418' title='bbox 924 3186 978 3233; x_wconf 67' lang='lat' dir='ltr'><strong>diei</strong></span> <span class='ocrx_word' id='word_1_419' title='bbox 992 3183 1084 3233; x_wconf 80' lang='lat' dir='ltr'><strong>dieitur</strong></span> <span class='ocrx_word' id='word_1_420' title='bbox 1097 3183 1130 3232; x_wconf 82' lang='lat' dir='ltr'><strong>L.</strong></span> <span class='ocrx_word' id='word_1_421' title='bbox 1142 3189 1188 3242; x_wconf 28' lang='lat'><strong>30.-</strong></span> 
     </span>
     <span class='ocr_line' id='line_1_40' title="bbox 211 3249 1175 3314; baseline -0.001 -16"><span class='ocrx_word' id='word_1_422' title='bbox 211 3249 240 3312; x_wconf 64' lang='lat'><strong>3.</strong></span> <span class='ocrx_word' id='word_1_423' title='bbox 253 3259 276 3298; x_wconf 78' lang='lat'><strong>2.</strong></span> <span class='ocrx_word' id='word_1_424' title='bbox 289 3250 322 3298; x_wconf 86' lang='lat' dir='ltr'><strong>D.</strong></span> <span class='ocrx_word' id='word_1_425' title='bbox 336 3252 367 3298; x_wconf 89' lang='lat' dir='ltr'><strong>de</strong></span> <span class='ocrx_word' id='word_1_426' title='bbox 380 3253 427 3312; x_wconf 81' lang='lat' dir='ltr'><strong>lep,</strong></span> <span class='ocrx_word' id='word_1_427' title='bbox 443 3261 461 3300; x_wconf 84' lang='lat'><strong>1.</strong></span> <span class='ocrx_word' id='word_1_428' title='bbox 476 3258 501 3299; x_wconf 88' lang='lat' dir='ltr'><strong>et</strong></span> <span class='ocrx_word' id='word_1_429' title='bbox 514 3249 548 3314; x_wconf 83' lang='lat' dir='ltr'><strong>(ei</strong></span> <span class='ocrx_word' id='word_1_430' title='bbox 558 3267 608 3300; x_wconf 81' lang='lat' dir='ltr'><strong>non</strong></span> <span class='ocrx_word' id='word_1_431' title='bbox 620 3259 659 3302; x_wconf 83' lang='lat' dir='ltr'><strong>eet</strong></span> <span class='ocrx_word' id='word_1_432' title='bbox 671 3268 688 3300; x_wconf 86' lang='lat' dir='ltr'><strong>a</strong></span> <span class='ocrx_word' id='word_1_433' title='bbox 704 3251 857 3300; x_wconf 66' lang='lat' dir='ltr'><strong>Treboniam</strong></span> <span class='ocrx_word' id='word_1_434' title='bbox 869 3251 975 3314; x_wconf 85' lang='lat' dir='ltr'><strong>mutata)</strong></span> <span class='ocrx_word' id='word_1_435' title='bbox 989 3253 1022 3303; x_wconf 91' lang='lat' dir='ltr'><strong>L.</strong></span> <span class='ocrx_word' id='word_1_436' title='bbox 1034 3259 1053 3300; x_wconf 87' lang='lat' dir='ltr'><strong>t.</strong></span> <span class='ocrx_word' id='word_1_437' title='bbox 1068 3249 1095 3314; x_wconf 67' lang='grc'><strong>8.</strong></span> <span class='ocrx_word' id='word_1_438' title='bbox 1107 3259 1127 3302; x_wconf 81' lang='lat'><strong>2.</strong></span> <span class='ocrx_word' id='word_1_439' title='bbox 1141 3249 1175 3298; x_wconf 87' lang='lat' dir='ltr'><strong>D.</strong></span> 
     </span>
     <span class='ocr_line' id='line_1_41' title="bbox 211 3316 1176 3381; baseline 0 -16"><span class='ocrx_word' id='word_1_440' title='bbox 211 3319 244 3365; x_wconf 87' lang='lat' dir='ltr'><strong>de</strong></span> <span class='ocrx_word' id='word_1_441' title='bbox 261 3319 319 3367; x_wconf 85' lang='lat' dir='ltr'><strong>dote</strong></span> <span class='ocrx_word' id='word_1_442' title='bbox 335 3321 451 3380; x_wconf 80' lang='lat' dir='ltr'><strong>praetep.</strong></span> <span class='ocrx_word' id='word_1_443' title='bbox 471 3316 520 3378; x_wconf 82' lang='lat'><strong>(33,</strong></span> <span class='ocrx_word' id='word_1_444' title='bbox 533 3316 555 3381; x_wconf 80' lang='lat' dir='ltr'><strong>t)</strong></span> <span class='ocrx_word' id='word_1_445' title='bbox 574 3326 600 3368; x_wconf 87' lang='lat' dir='ltr'><strong>et</strong></span> <span class='ocrx_word' id='word_1_446' title='bbox 615 3326 707 3381; x_wconf 80' lang='lat' dir='ltr'><strong>postea</strong></span> <span class='ocrx_word' id='word_1_447' title='bbox 724 3334 805 3367; x_wconf 89' lang='lat' dir='ltr'><strong>senum</strong></span> <span class='ocrx_word' id='word_1_448' title='bbox 824 3321 939 3368; x_wconf 86' lang='lat' dir='ltr'><strong>mensium</strong></span> <span class='ocrx_word' id='word_1_449' title='bbox 958 3321 1007 3369; x_wconf 90' lang='lat' dir='ltr'><strong>die.</strong></span> <span class='ocrx_word' id='word_1_450' title='bbox 1037 3319 1077 3381; x_wconf 74' lang='lat' dir='ltr'><strong>Os.</strong></span> <span class='ocrx_word' id='word_1_451' title='bbox 1091 3317 1176 3367; x_wconf 80' lang='lat' dir='ltr'><strong>Ouiae.</strong></span> 
     </span>
    </p>
   </div>
   <div class='ocr_carea' id='block_1_4' title="bbox 210 3385 1176 3500">
    <p class='ocr_par' dir='ltr' id='par_1_8' title="bbox 210 3385 1176 3500">
     <span class='ocr_line' id='line_1_42' title="bbox 211 3385 1176 3450; baseline 0.001 -19"><span class='ocrx_word' id='word_1_452' title='bbox 211 3385 265 3432; x_wconf 81' lang='lat' dir='ltr'><strong>obe.</strong></span> <span class='ocrx_word' id='word_1_453' title='bbox 279 3395 298 3441; x_wconf 89' lang='grc' dir='ltr'>ι,</span> <span class='ocrx_word' id='word_1_454' title='bbox 311 3394 344 3432; x_wconf 83' lang='lat' dir='ltr'><strong>at.</strong></span> <span class='ocrx_word' id='word_1_455' title='bbox 364 3387 397 3433; x_wconf 84' lang='lat' dir='ltr'><strong>ad</strong></span> <span class='ocrx_word' id='word_1_456' title='bbox 408 3385 469 3435; x_wconf 87' lang='lat' dir='ltr'><strong>diem</strong></span> <span class='ocrx_word' id='word_1_457' title='bbox 481 3387 522 3435; x_wconf 84' lang='lat' dir='ltr'><strong>ed.</strong></span> <span class='ocrx_word' id='word_1_458' title='bbox 533 3387 599 3448; x_wconf 56' lang='lat' dir='ltr'><strong>Bm·</strong></span> <span class='ocrx_word' id='word_1_459' title='bbox 611 3389 658 3436; x_wconf 82' lang='lat' dir='ltr'><strong>sed</strong></span> <span class='ocrx_word' id='word_1_460' title='bbox 668 3388 716 3436; x_wconf 85' lang='lat' dir='ltr'><strong>ltoe</strong></span> <span class='ocrx_word' id='word_1_461' title='bbox 725 3389 871 3449; x_wconf 83' lang='lat' dir='ltr'><strong>pierumque</strong></span> <span class='ocrx_word' id='word_1_462' title='bbox 885 3387 916 3435; x_wconf 76' lang='lat' dir='ltr'><strong>(ie</strong></span> <span class='ocrx_word' id='word_1_463' title='bbox 930 3389 971 3436; x_wconf 84' lang='lat' dir='ltr'><strong>die</strong></span> <span class='ocrx_word' id='word_1_464' title='bbox 984 3387 1119 3450; x_wconf 80' lang='lat' dir='ltr'><strong>dilipenter</strong></span> <span class='ocrx_word' id='word_1_465' title='bbox 1131 3385 1176 3434; x_wconf 81' lang='lat' dir='ltr'><strong>ob-</strong></span> 
     </span>
     <span class='ocr_line' id='line_1_43' title="bbox 210 3453 426 3500; baseline 0.005 -3"><span class='ocrx_word' id='word_1_466' title='bbox 210 3460 314 3500; x_wconf 80' lang='lat' dir='ltr'><strong>seruata</strong></span> <span class='ocrx_word' id='word_1_467' title='bbox 326 3453 426 3500; x_wconf 76' lang='lat' dir='ltr'><strong>dicitnr,</strong></span> 
     </span>
    </p>
   </div>
   <div class='ocr_carea' id='block_1_5' title="bbox 0 0 1340 3956">
    <p class='ocr_par' dir='ltr' id='par_1_9' title="bbox 0 0 1340 3956">
     <span class='ocr_line' id='line_1_44' title="bbox 0 0 1340 3956; baseline 0 0"><span class='ocrx_word' id='word_1_468' title='bbox 0 0 1340 3956; x_wconf 95' lang='lat' dir='ltr'><strong> </strong></span> 
     </span>
    </p>
   </div>
  </div>
 </body>
</html>
