2634 3974
186 141 236 190 402
466 153 540 186 1ve11
560 151 664 186 aarum
684 138 822 189 seomidi.
844 140 867 187 6.

149 305 154 314 ·
187 294 325 351 sciendum
341 294 410 356 'est‚
422 285 445 326 1⁹
465 293 498 348 de
520 293 561 348 his
578 291 701 348 omnibus
718 291 866 348 hahendam
882 308 942 348 esse
959 295 1160 365 quaestionem,

98 403 101 410 ¹
188 380 234 452 qui
249 380 276 434 in
291 379 473 451 suspicionem
488 392 650 450 quacunque
665 378 770 432 ratione
786 367 916 432 ueniunt
953 374 991 434 11.
1016 370 1078 433 2“lu
1100 377 1158 433 dis·

15 451 17 464 ’
187 463 312 536 ponenda
336 478 430 517 eorum
456 461 628 534 quaestione,
657 476 772 534 quorum
799 461 924 517 dominus
951 461 1050 518 dieitur
1069 463 1161 518 inter·

188 555 304 621 emptus,
319 547 363 602 hie
378 545 445 601 ordo
461 553 600 600 seruatur:
616 546 740 618 primum,
757 554 787 601 ut
802 553 917 607 constet,
934 548 1053 602 occisum
1069 546 1159 603 domi·

189 648 267 694 num;
291 629 402 692 deiude,
425 637 455 685 ut
470 629 584 703 liqueat,
608 629 754 703 dequibus
771 631 939 703 eaquaestio
962 629 1083 688 habenda
1104 633 1157 693 sit;

188 724 268 788 atque
293 715 329 769 ita
351 713 384 768 do
404 715 458 768 reis
477 713 677 786 inquirendum.
732 709 777 770 12.
805 708 876 770 ¹Etsi
897 730 1041 788 percussor
1063 723 1159 770 certus
1190 721 1192 726 '

188 802 236 861 sit,
253 806 343 853 tamen
358 797 391 852 de
407 797 504 852 familia
521 796 640 852 habenda
656 801 779 870 quaestio
795 807 849 860 est,
866 806 896 854 ut
911 798 998 854 caedis
1013 797 1157 855 mandator

187 884 302 938 inueniri
322 883 418 955 possit.
469 877 514 939 13.
539 875 700 944 ²Omnibus,
728 885 774 956 qui
800 890 894 938 eontra
915 883 1082 940 uoluntatem
1108 883 1158 938 de·

188 968 273 1022 iuneti
293 965 408 1028 iaeiunt,
436 972 466 1021 ut
486 965 604 1039 indignis
626 965 748 1021 aufertur
769 967 918 1030 hereditas,
945 969 967 1022 si
988 967 1056 1025 nihil
1071 974 1155 1024 testa-

188 1058 279 1106 mento
300 1052 328 1106 in
348 1049 468 1106 fraudem
490 1049 559 1123 legis
581 1049 663 1104 fuerit
683 1044 822 1106 cautum³
884 1048 928 1107 14.
954 1047 1035 1107 ‘¹Siue
1056 1051 1154 1108 ialsum

188 1137 246 1191 siue
271 1143 381 1208 ruptum
407 1136 466 1191 siue
490 1135 596 1188 irritum
623 1133 728 1190 dicatur
757 1149 818 1193 esse
849 1143 1053 1200 testamentum,
1080 1137 1154 1192 salua

188 1236 281 1276 eorum
297 1219 505 1292 disceptatione,
522 1220 638 1290 scriptus
657 1218 734 1273 heres
749 1218 808 1273 iure
823 1220 850 1273 in
866 1221 1067 1292 possessionem
1084 1221 1155 1277 mitti

188 1303 339 1361 desiderat.
390 1299 433 1360 15.
460 1296 506 1357 ⁵Si
526 1303 597 1356 inter
617 1301 742 1357 heredem
763 1303 918 1358 institutum
934 1312 962 1359 et
977 1303 1153 1360 substitutum

188 1389 375 1444 controuersia
389 1389 439 1450 sit,
462 1387 546 1458 magis
563 1379 701 1458 ’praeeat
726 1401 788 1441 eum
803 1387 831 1441 in
846 1390 1047 1458 possessionem
1062 1405 1153 1444 rerum

188 1472 410 1528 hereditariarum
425 1471 508 1532 mitti,
526 1471 573 1541 qui
586 1471 673 1540 primo
689 1469 750 1525 loeo
765 1471 883 1542 scriptus
899 1478 949 1526 est.
995 1465 1040 1527 16.
1065 1466 1156 1528 ⁷Seri·

187 1564 251 1629 ptus
267 1556 359 1616 heres,
388 1554 524 1630 utstatim
539 1554 567 1607 in
581 1555 782 1626 possessiouem
800 1554 950 1617 mittatur,
975 1556 1033 1610 iure
1049 1554 1155 1610 deside·

188 1632 259 1694 rat.8
303 1637 355 1694 hoo
369 1646 432 1711 post
448 1653 546 1692 annum
561 1638 619 1692 iure
635 1638 778 1711 impetrare
793 1655 848 1694 non
869 1640 979 1711 poterit.
1038 1634 1081 1695 tt.
1106 1633 1154 1695 9111

188 1741 221 1778 eo
242 1729 419 1784 testamento,
447 1722 521 1795 quod
542 1739 606 1784 aee,
632 1730 661 1777 ut
685 1723 821 1794 oportuit,
850 1722 968 1779 oblatum
984 1739 1034 1780 nea
1048 1723 1156 1796 puldioe

189 1809 328 1864 recitatum
355 1813 410 1869 est,
437 1807 516 1862 heres
543 1807 660 1879 scriptus
686 1807 713 1861 in
729 1808 940 1879 ‘possessionem
962 1808 1032 1864 mitti
1054 1807 1165 1863 frustra

188 1893 330 1948 desiderat.
386 1889 431 1949 18.
455 1890 484 1946 In
504 1891 704 1964 possessionem
726 1906 817 1946 earum
837 1907 942 1954 rerum,
971 1907 1037 1964 quas
1060 1893 1154 1947 mortis

190 1985 310 2050 tempore
325 1983 441 2032 testator
456 1991 510 2031 non
525 1975 661 2048 possedit,
678 1975 757 2030 heres
773 1977 904 2049 scriptus,
921 1972 1078 2049 priusquam
1094 1979 1155 2032 iure

189 2060 322 2117 ordinario
339 2062 506 2134 experiatur,
528 2058 650 2132 improbe
665 2061 735 2114 mitti
750 2059 893 2116 desiderat.

373 2140 419 2220 [L.
439 2145 487 2201 17.
511 2145 547 2200 D.
565 2146 600 2201 de
614 2147 679 2200 iare
695 2145 816 2200 rodiciti.
834 2143 894 2216 (29,
912 2139 967 2220 7).]

489 2311 552 2353 ui'r.
569 2311 612 2353 VI.
646 2312 688 2351 DE
702 2311 847 2352 LEGATIS.

251 2411 275 2468 l.
303 2407 370 2468 ¹Per
384 2414 600 2485 praeceptionem
618 2415 662 2468 uni
679 2430 710 2468 ex
727 2413 869 2470 heredibus
885 2417 960 2469 numi
982 2415 1079 2488 legati,
1107 2418 1154 2489 qai

188 2498 260 2552 (lomi
277 2513 332 2552 non
347 2504 436 2558 erant,
460 2494 550 2551 officio
565 2497 660 2552 iudicis
677 2496 790 2554 familiae
806 2498 997 2563 herpiscuudae
1013 2517 1027 2554 a
1043 2500 1154 2555 cohere-

188 2679 253 2726 titqu
277 2684 299 2726 et
317 2691 417 2742 corpore
434 2679 485 2749 ¹eod.
506 2677 634 2740 [eodem]),
658 2686 685 2728 ut
703 2687 832 2743 appareat
850 2679 877 2744 3.
897 2687 943 2730 10³.
969 2696 1017 2731 noa
1036 2683 1153 2731 continuo

186 2752 296 2794 secutam
313 2760 369 2796 esse
386 2744 464 2794 verbo
483 2741 512 2808 §i
524 2754 557 2795 ιο.
577 2746 616 2795 De
634 2763 662 2796 re
681 2747 717 2808 cf.
729 2748 762 2796 L.
778 2758 795 2796 1.
816 2746 865 2811 38,
882 2757 898 2800 t,
912 2757 931 2799 a.
950 2749 983 2798 D.
1003 2750 1035 2797 de
1054 2754 1150 2813 quaest.

187 2809 231 2874 (aa,
252 2811 296 2875 re).
349 2810 381 2874 19)
401 2821 423 2861 et
442 2811 487 2865 Cot.
507 2814 566 2863 edd.
619 2811 650 2872 ²⁰)
671 2814 710 2877 Of.
732 2815 796 2866 L.1.
816 2813 889 2878 pat.
908 2816 1007 2868 odat.
1069 2811 1090 2878 1)
1110 2814 1149 2875 Cf.

186 2881 301 2944 L.6pr.
323 2881 353 2929 t.
367 2889 400 2933 17.
419 2879 451 2929 D.
465 2881 489 2933 d.
503 2888 520 2934 t.
590 2879 611 2947 ²)
632 2881 671 2944 Cf.
689 2883 721 2934 L.
741 2885 784 2930 ott.
795 2884 840 2945 fin.
862 2883 894 2934 D.
914 2885 946 2933 de
960 2884 1045 2946 fldeia.
1060 2879 1089 2944 (6,
1104 2879 1175 2944 it).,

185 2973 219 2983 -
236 2949 269 2999 L.
282 2958 301 2996 5.
321 2948 349 2997 C.
369 2949 400 2998 de
418 2949 491 3012 νεῖτ’),
506 2945 536 3011 (3,
549 2946 595 3013 44).
622 2949 654 2999 L.
669 2958 689 3000 5.
711 2949 737 2999 0.
751 2951 784 2999 de
802 2950 841 2999 Iris
859 2951 925 3016 quib.
944 2957 970 3000 ut
987 2950 1039 3000 ind.
1060 2947 1091 3011 (6,
1105 2947 1152 3011 35).

186 3016 215 3062 F.
235 3015 269 3063 A.
289 3015 410 3079 Sattainp
429 3015 545 3066 Bemerlc.
563 3033 591 3081 p.
605 3025 650 3068 315.
719 3015 741 3079 ³)
765 3019 840 3067 Velut
853 3020 930 3070 tacito
944 3017 1151 3082 fideicommissa

185 3080 206 3144 ⁴)
228 3081 266 3143 Cf.
285 3082 317 3134 L.
332 3091 353 3130 2.
371 3081 400 3131 0.
420 3085 451 3132 de
464 3085 547 3133 edicto
560 3084 592 3135 D.
607 3083 694 3134 Hadr.
711 3083 742 3145 (6,
755 3084 801 3146 ³3).
872 3083 892 3150 ⁵)
914 3086 954 3148 Of.
968 3086 999 3135 L.
1013 3094 1033 3135 1.
1052 3084 1081 3134 G.
1094 3086 1152 3134 eod.

185 3148 205 3277 11
225 3148 818 3281 1111181111111111111111113111)
840 3151 898 3269 171
916 3154 955 3270 acesi
975 3153 1007 3208 ι’
1020 3162 1040 3202 e.
1053 3152 1082 3205 θ’
1095 3153 1152 3206 wd'

256 3284 305 3334 ra.
328 3285 377 3335 Vr.
417 3283 436 3348 ¹)
463 3286 501 3348 of.
521 3287 553 3338 a.
573 3255 610 3338 os
627 3283 653 3350 a.
673 3295 705 3334 22.
737 3286 768 3337 e.
787 3295 820 3336 a.
845 3288 878 3340 o,
895 3288 957 3351 fam.
977 3303 1029 3338 ero.
1052 3285 1101 3349 (lo,
1120 3285 1152 3351 2).

189 3353 263 3400 Valet
281 3354 328 3402 dae
346 3355 468 3416 pecuniae
487 3356 594 3416 tapetum
608 3356 667 3406 ,iure
687 3353 767 3402 bonae
782 3355 859 3414 fidei.-
882 3357 940 3404 aliia
963 3355 1039 3404 rebus
1062 3359 1152 3418 tepetis

184 3423 281 3468 valeret
298 3422 353 3471 iure
371 3418 434 3469 Suo
451 3420 602 3469 Neroniani.

127 3579 155 3621 ἱ.-
165 3611 168 3616 .
