2634 3960
244 183 359 218 noammr
377 183 495 218 verram
515 181 619 217 runnu.
635 169 703 217 XXV.
727 169 892 218 17.-.ii't't.
915 172 953 219 1³.
1034 171 1083 219 515

113 326 273 380 damnosam
291 323 472 378 hereditatem
493 323 576 386 dicat,
599 327 708 395 cogitur
728 340 742 378 a
766 332 890 396 praetore
911 323 984 378 adire
999 333 1026 379 et
1042 341 1084 379 re·

114 411 231 464 stitnene
255 415 351 469 totam,
379 407 415 462 ita
435 416 467 463 ut
487 409 511 463 ei
533 417 560 463 et
579 409 607 464 in
623 423 699 469 cnm,
726 409 771 480 qui
788 409 882 480 recipit
897 407 1082 472 hereditatem,

114 494 237 548 actiones
258 491 370 552 dentur,
393 491 506 564 proinde
527 501 608 566 atque
630 492 652 544 si
675 508 707 546 ex
723 490 892 546 Treheiiiano
908 500 1084 547 senatuscon-

115 577 190 632 sulto
209 577 335 630 restituta
356 575 462 631 inisset.
507 576 590 649 idque
610 583 641 630 ut
660 577 697 630 ita
717 573 776 637 fiat,
792 575 940 650 Pegasiano
962 585 1084 631 senatus-

115 658 244 716 consulto
261 666 378 714 cautum.

178 739 221 800 17.
244 736 318 798 4³⁷Si
339 745 398 815 quis
419 745 446 798 in
467 743 587 798 iraudcm
610 746 715 799 tacitam
732 743 811 800 ddem
827 745 1082 805 adcommodauerit,
1292 763 1303 812 a

115 838 146 883 ut
167 844 222 884 non
244 822 360 900 capienti
380 826 614 884 fideicommissum
635 830 776 892 restituat,
800 823 804 905 i
829 845 878 886 nec
903 829 1079 902 quadrantem
1088 817 1180 904 adlati
1294 817 1303 930 i

115 929 177 968 enm
198 911 332 966 deducere
351 919 461 967 senatus
482 913 600 973 censuit,
628 929 678 968 nee
699 913 828 968 caducum
849 913 985 970 uindicare
1001 929 1032 968 ex
1048 929 1081 968 eo

117 1003 295 1058 testamento,
314 997 336 1050 si
352 994 453 1050 iiheros
468 994 573 1052 haheat.

179 1077 224 1137 18.
249 1073 387 1135 8Libertas
403 1079 460 1134 dari
475 1087 567 1152 potest
582 1085 632 1153 p'er
647 1079 895 1136 fideicommissum.

284 1213 346 1254 TIT.
363 1213 447 1254 XXVI·
486 1214 528 1253 DE
542 1212 708 1256 LEGITIMIS
723 1213 913 1254 HEREDIBVS.

179 1295 204 1354 1.
231 1291 446 1354 'iintestatorum
471 1300 653 1371 ingenuorum
680 1299 841 1354 hereditates
868 1298 1007 1370 pertinent
1027 1301 1083 1371 pri·

117 1399 190 1437 mum
211 1382 244 1436 ad
265 1398 330 1437 suos
346 1383 473 1444 heredes,
502 1382 529 1436 id
545 1390 588 1436 est
603 1381 719 1444 liberos,
748 1383 792 1455 qui
814 1383 841 1437 in
855 1389 993 1455 potestate
1007 1393 1080 1444 sunt,

117 1475 287 1538 ceterosque.
304 1468 350 1539 qui
366 1467 406 1522 ’in
416 1460 457 1498 ‘¹⁴⁰
468 1465 615 1522 liberorum
630 1468 691 1522 loeo
707 1475 784 1530 sunt;
801 1467 823 1521 si
839 1468 882 1522 sui
897 1466 1010 1522 heredes
1027 1484 1082 1523 non

117 1545 204 1611 sint,¹
230 1550 264 1605 ad
284 1553 515 1624 consanguineos,
532 1551 558 1606 id
582 1559 623 1608 est
644 1551 742 1606 iratres
763 1560 791 1607 ot
805 1568 915 1606 sorores
937 1567 970 1606 ex
987 1551 1082 1606 sortem

118 1643 208 1708 patrm
233 1636 257 1690 si
277 1652 327 1690 nec
348 1636 375 1690 hi
394 1628 478 1695 sint,¹
499 1635 531 1690 ad
552 1636 673 1710 reliquos
689 1643 803 1710 agnatos
827 1638 979 1709 proximos,
997 1636 1024 1690 id
1040 1644 1082 1690 est

118 1726 248 1796 cognatos
264 1720 348 1774 uirilis
364 1737 458 1782 sexus,
474 1737 524 1792 per
538 1737 624 1776 mares
640 1721 850 1781 descendentes,
873 1720 993 1783 eiusdem
1008 1719 1084 1774 iami-

117 1804 181 1859 iiae:
207 1804 234 1858 id
255 1805 326 1858 enim
345 1812 452 1860 cautum
473 1813 515 1858 est
536 1803 598 1879 lege
618 1804 761 1861 duodecim
783 1804 933 1860 tabularum
953 1805 1016 1858 hac:
1044 1803 1084 1856 ‘si

116 1890 246 1942 intestato
262 1889 389 1949 moritur,
410 1891 453 1944 cui
468 1905 533 1958 suus
550 1889 628 1946 heres
645 1906 695 1945 nec
710 1893 795 1956 escit,
813 1893 928 1960 agnatus
944 1887 1084 1959 proximus

119 1971 245 2025 familiam
260 1969 380 2026 habeto’
424 1968 467 2027 1³.
491 1965 550 2042 ²(Si
564 1981 688 2044 opnatos
703 1973 837 2043 defuncti
850 1988 908 2028 non
923 1973 967 2038 sit,
986 1971 1085 2024 eadem

117 2059 170 2112 teor
190 2055 337 2110 duodecim
359 2056 523 2110 tabularum
542 2060 664 2128 peotites
679 2059 719 2112 od
732 2057 921 2111 hereditatem
936 2060 1025 2109 uocat
1039 2054 1084 2107 his

119 2249 144 2300 2,
162 2245 209 2290 aas.
234 2237 309 2286 Paul.
328 2244 348 2294 a,
366 2244 386 2284 a.
407 2233 435 2298 3.
453 2243 474 2284 a.
559 2233 604 2297 ⁴³⁷)
624 2235 664 2296 ds.
684 2235 716 2286 L.
736 2244 768 2283 ro.
788 2242 821 2283 11.
846 2235 880 2282 D.
900 2233 932 2281 de
954 2234 993 2282 his
1016 2249 1041 2296 q.
1059 2239 1086 2279 ar

119 2307 171 2354 tna.
192 2305 235 2368 (ar,
253 2301 285 2366 o).
313 2304 346 2353 L.
367 2312 399 2353 ao.
419 2302 447 2366 3.
467 2313 486 2355 t.
505 2304 539 2354 J).
558 2303 594 2352 ad
610 2305 626 2350 t.
645 2303 715 2354 Fato.
735 2299 777 2365 (aa,
796 2301 828 2363 a).
852 2300 884 2348 Ι..
898 2307 923 2347 rs
934 2317 977 2364 pr.
1005 2299 1037 2347 L.
1051 2307 1084 2348 ao.

121 2374 153 2421 D.
173 2373 204 2421 de
221 2372 239 2422 i.
255 2373 315 2434 fisci
331 2369 374 2433 (itt,
394 2371 437 2434 14).
503 2370 524 2434 8)
544 2369 584 2432 Cf.
601 2385 682 2433 supro
700 2379 724 2427 2,
744 2377 756 2416 7
773 2385 827 2434 seq.
855 2366 972 2416 Ceteram
990 2366 1087 2416 duabus

120 2440 261 2489 rationibus
282 2446 352 2488 reete
374 2439 437 2488 haec
459 2442 549 2502 reputo
573 2437 684 2486 breuiter
711 2438 785 2486 etiam
808 2436 832 2484 h.
851 2437 867 2484 l.
892 2435 983 2484 addito
1005 2434 1088 2483 videri

122 2507 210 2560 dedet,⁸
230 2507 337 2569 primum
360 2522 391 2555 ne
414 2523 464 2556 nora
491 2506 605 2568 capienti
626 2505 673 2554 hoc
696 2519 757 2552 casn
776 2503 992 2564 fideicommissum
1012 2515 1087 2550 seruo

122 2575 181 2624 dari
195 2579 271 2636 putes
290 2571 335 2635 (cf.
353 2574 386 2625 L.
406 2581 427 2624 t.
448 2573 474 2622 C.
492 2574 524 2622 de
542 2575 618 2636 tepet.
637 2580 657 2627 6,
676 2567 726 2633 37),
746 2571 837 2619 deinde
861 2570 920 2633 qaia
943 2586 960 2617 a
982 2569 1087 2632 simpatia

120 2641 197 2690 rebus
214 2655 262 2702 per
276 2641 491 2702 fideicommissum
507 2640 605 2690 relictis
616 2641 653 2687 od
663 2639 829 2688 hereditatem
843 2651 1007 2700 propreesras,
1027 2641 1088 2698 apte

121 2711 157 2758 od
167 2709 250 2772 ipsam
258 2722 396 2770 personam
406 2708 454 2758 hoc
464 2709 537 2757 modo
550 2707 707 2756 liberandam
720 2707 852 2754 transitum
862 2704 936 2765 facit.
993 2700 1014 2765 ⁹)
1029 2701 1087 2750 Em·

121 2783 174 2826 stat
190 2777 266 2826 etiam
283 2775 309 2823 in
329 2775 417 2826 OolIat.
436 2784 468 2832 to,
487 2783 509 2824 t.
529 2771 557 2836 3.
572 2782 589 2823 t.
616 2773 657 2835 Of.
677 2773 768 2824 estrat.
788 2780 821 2829 16,
841 2779 861 2822 3.
880 2767 907 2832 3.
925 2779 944 2818 3.
958 2823 961 2830 p
975 2768 1088 2816 Dirhserr

122 2842 329 2905 ‘detftafdsr.'
349 2859 379 2906 p.
397 2849 444 2892 343.
528 2839 573 2904 ⁴⁴⁰)
599 2842 676 2892 lineis
698 2842 755 2891 inei.
781 2841 821 2888 ed.
840 2837 892 2900 Bp.
933 2835 987 2885 Sed
1007 2849 1089 2897 nepos

121 2925 252 2975 pronepos
270 2911 398 2974 ceterique
416 2925 477 2960 aere
494 2911 521 2958 in
538 2909 673 2958 liberorum
691 2910 746 2956 loeo
763 2909 803 2956 net
820 2919 922 2953 numero
941 2909 1014 2956 sunt;
1038 2917 1088 2951 non

122 2985 150 3026 at
167 2977 282 3026 dediticii
296 2977 394 3035 itherii,
413 2979 457 3041 qai
478 2991 507 3026 eo
532 2991 634 3025 numero
659 2982 754 3023 tannem
776 2973 908 3021 habeatnr.
943 2971 1089 3019 Praeterea

124 3044 271 3094 Heimhaeh.
296 3051 366 3093 reete
390 3045 483 3106 ottepot
506 3042 557 3092 Cic.
575 3046 608 3092 de
631 3049 699 3092 oroi.
718 3049 744 3100 2,
761 3049 795 3089 49.
820 3037 848 3102 3.
868 3047 915 3087 200.
990 3035 1010 3098 ¹)
1035 3043 1089 3084 sunt

129 3112 187 3160 Vot.
206 3113 246 3159 ed.
259 3109 309 3175 Bp.
377 3110 399 3172 ²)
418 3111 493 3160 Haeo
511 3125 546 3159 ero
563 3109 653 3159 Coliat.
673 3116 705 3165 16,
724 3117 744 3160 4.
763 3105 790 3169 3.
808 3116 829 3158 2.
848 3106 888 3155 hie
905 3105 1006 3168 repetii,
1027 3105 1087 3168 quia

124 3180 214 3241 priora
231 3179 275 3227 itio
292 3193 370 3242 osque
387 3179 424 3227 od
440 3178 578 3238 ‘familiam
595 3176 719 3226 hahento’
740 3174 906 3224 tantummodo
929 3179 956 3220 ot
974 3172 1090 3221 similiter

125 3247 266 3296 desinentia
284 3246 412 3295 eaeidisse
428 3259 578 3308 persuasum
594 3242 684 3304 habeo,
702 3249 763 3306 post
781 3256 845 3307 qaae
863 3241 984 3288 librarius
1002 3243 1090 3285 cetera

125 3321 151 3362 nt
168 3314 256 3376 inepto
274 3315 387 3362 consutio
405 3313 495 3364 omisit.
531 3310 654 3360 Similiter
671 3311 735 3358 enim
755 3309 879 3372 Ulpianus
897 3307 972 3355 etiam
989 3305 1016 3352 in
1034 3305 1091 3351 iure
1158 3354 1161 3358 ,

125 3381 244 3430 honoram
267 3379 437 3443 possessionis
468 3378 623 3442 eocponendo
649 3385 688 3434 28,
716 3385 791 3424 7-s.
816 3373 969 3438 praemissis
995 3372 1091 3420 demam

125 3449 235 3497 omnihus
252 3447 309 3498 hon.
324 3447 495 3510 possessionis
510 3443 633 3509 prodibam
656 3444 688 3492 de
710 3444 862 3504 simpuiorum
886 3440 1010 3503 prodeam
1036 3439 1092 3486 iure

823 3522 888 3584 33*
